4008 6346
146 201 224 262 {⁰5¹1
667 205 800 278 QuAEsl.
823 203 926 262 bxxll.
948 205 991 260 ult
1010 205 1124 262 OPERE
1143 205 1266 264 SEXTAE
1285 209 1363 265 blut.
1735 221 1804 282 ωδε

144 317 282 386 ductos
316 325 350 387 in
376 328 460 388 actu.
492 323 690 406 Augustinus
712 325 819 385 nutmn
844 320 965 393 dicit,tl
1017 317 1132 382 borum
1147 319 1335 384 animalium
1349 323 1701 394 ordinatursecundbm
1718 338 1802 400 ordi·

145 414 264 490 super
282 405 405 467 Genus.
427 403 467 466 ad
490 403 564 476 litt,
587 419 657 482 cap.
676 401 705 476 5,
724 401 743 464 d
765 401 859 474 med,
877 400 964 492 quod
1017 415 1089 458 nem
1100 415 1270 494 corporum
1280 419 1353 494 qum
1366 403 1412 465 eis
1425 412 1583 470 ornantur
1593 413 1694 492 magis
1704 413 1802 493 quam

144 481 286 554 quinta
310 483 361 546 die
377 499 536 562 aquarum
556 488 673 546 natura
690 481 840 560 produxit
861 497 963 559 prsccs
1017 478 1191 538 secuudum
1208 497 1372 574 propriam
1386 481 1590 562 dignitatem
1606 494 1754 554 ettamen
1770 495 1803 556 in

43 602 50 617 .
145 562 183 617 et
200 573 299 624 ares
313 563 540 640 potentialiter.
1016 555 1068 617 vid
1083 559 1296 634 generationis
1312 561 1353 622 ab
1367 561 1653 640 imperfectioribus
1667 569 1706 633 ad
1723 591 1803 652 per-

191 637 254 699 Ad
272 641 419 720 primum
433 657 509 722 ergo
521 639 688 702 dicendum
703 637 787 718 qubd
802 637 964 700 bviccnna
1016 632 1148 696 fectiora
1161 639 1357 714 pervenitur.

145 717 282 792 posuit
305 721 415 784 omnia
443 719 596 782 animalia
625 722 720 798 posse
749 717 896 810 generari
923 733 964 778 er
1245 744 1426 820 QUAEST10
1442 747 1560 813 mn

145 793 310 876 aliquali
336 799 568 862 elementorum
594 797 820 860 commixtione
841 796 964 875 absquo
1218 835 1265 898 DE
1280 853 1380 900 om
1395 795 1571 904 κωύκ·

144 877 310 953 semine,
323 879 421 940 ctiam
437 895 494 956 per
508 879 591 940 viam
604 881 738 938 nature.
1574 863 1595 906 ¹·

192 953 271 1018 Sed
290 957 482 1020 boevidetur
494 956 722 1018 inconveniens
734 975 741 1028 ;
754 953 830 1032 quia
846 955 963 1015 natura
1016 931 1196 996 AWGUWS
1217 939 1520 1020 ⁰⁸¹⁰U⁸··(5“Pf⁰‚
1542 954 1650 1024 prust.
1666 948 1718 1024 if,
1737 959 1790 1012 ort

144 1030 392 1099 determinatis
405 1035 515 1098 mediis
527 1035 667 1114 procedit
678 1033 717 1096 ad
733 1049 809 1094 suos
821 1029 961 1094 effectus.
1333 1017 1362 1091 ¹²
1385 1019 1485 1100 corp.)

34 1125 36 1140 ¹
145 1111 258 1178 Unde
280 1117 336 1179 illa
352 1113 628 1195 quanaturaliter
641 1117 837 1192 generantur
851 1129 892 1172 ex
907 1129 964 1172 se·-
1054 1111 1174 1173 Deinde
1196 1114 1351 1192 queritur
1371 1115 1409 1179 ds
1430 1134 1527 1197 opere
1547 1127 1646 1187 sextu
1666 1125 1747 1201 diel3
1770 1134 1804 1192 et

33 1219 36 1280 ς
146 1193 274 1269 mine,
297 1211 363 1256 non
382 1196 520 1274 possunt
537 1193 727 1256 naturaliter
751 1191 821 1253 sinc
843 1189 964 1252 semine
1016 1189 1141 1252 videtur
1156 1192 1171 1252 l
1188 1192 1274 1272 qubd
1302 1195 1566 1262 inconvenienter
1588 1201 1800 1270 describatur.

146 1275 334 1350 generari.
954 1279 981 1362 .'
1015 1267 1104 1330 Sicut
1124 1271 1208 1332 eninr
1231 1289 1309 1335 aves
1330 1278 1362 1336 et
1382 1276 1485 1354 pisces
1504 1278 1624 1342 babent
1643 1283 1801 1348 viventem

193 1351 247 1415 Et
261 1352 335 1416 ided
344 1351 512 1416 dicendum
524 1355 573 1413 est
582 1347 767 1428 aliterqubd
779 1349 812 1410 in
824 1347 963 1411 naturalr
1015 1349 1170 1423 animam,
1183 1349 1228 1414 ita
1238 1352 1333 1414 etiam
1344 1359 1375 1416 et
1385 1355 1538 1420 arrimalla
1548 1363 1723 1426 terrestria.
1732 1365 1802 1428 Non

147 1433 383 1509 generatione
401 1430 590 1494 animalium
611 1428 804 1509 principium
823 1429 963 1490 activum
1014 1431 1122 1489 autem
1143 1432 1308 1494 terrestria
1326 1434 1480 1498 animalia
1503 1442 1579 1498 sunl
1600 1439 1671 1519 ipsa
1693 1443 1802 1510 anima

148 1514 212 1572 est
228 1510 529 1582 virtusformativa‚
542 1507 713 1588 queeestin
729 1507 862 1580 semine,
873 1507 906 1568 in
923 1505 961 1569 iis
1017 1505 1634 1589 vivens.Ergoinconvenienterdicitur:
1645 1519 1802 1584 Producat

149 1605 243 1666 quau
260 1609 303 1653 ex
321 1590 445 1652 semiue
465 1591 679 1669 generantur;
700 1587 772 1649 loco
789 1585 879 1665 cuius
896 1585 964 1648 vir·
1015 1591 1100 1646 terra
1112 1587 1426 1660 unimemoiventemr
1440 1593 1495 1654 scd
1507 1593 1615 1658 debuit
1627 1596 1688 1662 dici
1701 1619 1709 1658 ε
1720 1600 1803 1664 Pro·

150 1670 248 1732 tutis
272 1669 306 1732 in
332 1669 372 1731 iis
392 1684 465 1749 quus
483 1685 525 1730 ex
546 1665 778 1745 putrefactione
819 1681 964 1728 eneran-
1014 1663 1109 1726 ducat
1123 1673 1208 1728 terra
1222 1667 1439 1748 quadrupedia
1453 1673 1562 1736 auimo
1576 1675 1721 1740 viventis.

151 1750 234 1823 tur,
262 1750 312 1811 est
332 1747 432 1810 virtus
453 1745 590 1810 coelestis
617 1743 771 1824 corporis.
830 1744 962 1808 ateriale
1053 1743 1083 1804 2.
1098 1745 1264 1820 Praeterea,
1280 1765 1381 1828 genus
1396 1767 1461 1812 non
1474 1750 1563 1814 debet
1581 1754 1678 1816 dividi
1690 1764 1803 1824 centra

154 1831 282 1890 autem
298 1826 491 1906 principium
501 1825 534 1886 in
547 1827 759 1902 utrorumque
773 1822 962 1886 animalium
1014 1823 1163 1900 speciem.
1175 1825 1232 1886 Sed
1240 1825 1385 1906 jumenta
1394 1831 1541 1892 etbestivo
1551 1834 1611 1894 sub
1620 1836 1803 1916 quadrupe·

154 1907 381 1986 generatione
394 1907 443 1968 est
455 1903 498 1966 ali
523 1903 586 1964 uod
604 1902 812 1974 elementum,-
824 1901 875 1964 vel
890 1901 963 1962 ele·
1013 1901 1350 1984 dibuscompulantur.
1361 1907 1626 1974 inconvenienter
1636 1930 1672 1974 er
1693 1931 1802 1994 oqua-

155 1983 405 2050 menlatum.ln
416 1921 632 2064 primdautem
642 1999 751 2042 rerum
762 1979 963 2074 insti-tutione
1013 1980 1165 2058 drupedia
1180 1990 1453 2048 connumerantur
1464 1986 1618 2067 jumentis
1633 1931 1802 2058 etffiesliis.

156 2065 367 2144 principium
391 2062 531 2126 activum
552 2061 611 2124 fuit
630 2061 764 2124 verbum
786 2058 860 2129 Der,
876 2057 962 2138 qued
1052 2059 1082 2119 3.
1097 2062 1263 2136 preterea,
1275 2063 1431 2127 sicutalia
1444 2066 1597 2131 animalia
1608 2074 1683 2131 sunt
1696 2073 1730 2133 in
1744 2073 1803 2136 de.

157 2141 206 2206 de
223 2141 361 2206 materie
374 2139 559 2204 elementari
575 2138 725 2219 produxit
744 2137 896 2200 animalia
912 2139 962 2200 vel
1014 2140 1184 2201 terminato
1199 2159 1315 2221 genere
1330 2146 1361 2204 et
1377 2145 1494 2222 specie,
1513 2145 1558 2209 ila
1572 2150 1604 2208 et
1618 2148 1726 2212 bomo.
1741 2151 1802 2214 Sed

158 2220 202 2284 in
222 2225 300 2286 actu
316 2219 491 2286 secuudirm
512 2219 592 2281 alios
617 2221 761 2290 sanctos,
778 2217 827 2279 vel
844 2217 962 2281 virtute
1014 2217 1046 2278 ln
1062 2216 1198 2281 factione
1211 2221 1349 2282 bominis
1364 2237 1429 2284 non
1443 2221 1479 2284 fit
1492 2225 1612 2286 mentio
1625 2226 1664 2288 de
1676 2244 1736 2292 suo
1748 2249 1802 2310 ge·

161 2299 351 2364 secundum
365 2298 599 2380 Augustinum,
623 2297 685 2359 loc.
710 2313 788 2390 sup.
817 2296 871 2390 cit,
895 2312 961 2358 non
1013 2309 1102 2390 nere,
1127 2298 1177 2360 vel
1203 2299 1320 2392 specie.
1342 2299 1427 2440 Ergo
1451 2319 1509 2364 nec
1534 2303 1566 2364 in
1592 2307 1802 2384 productione

161 2379 257 2460 qubd
274 2395 361 2460 aqua
383 2381 441 2442 aut
461 2381 547 2440 terra
565 2377 683 2439 babeat
708 2393 741 2436 rn
758 2393 793 2438 se
810 2378 961 2438 virtutem
1012 2375 1150 2438 alvorum
1173 2379 1363 2440 anrmalium
1406 2381 1494 2442 ebuit
1520 2381 1588 2444 fieri
1617 2388 1737 2448 mentio
1762 2389 1801 2450 de

162 2458 368 2537 producendi
376 2457 486 2519 omnia
498 2455 664 2527 animalia,
677 2458 713 2518 ut
723 2453 887 2516 Aviccnna
900 2471 962 2532 po-
1013 2470 1142 2534 geuere,
1157 2457 1206 2517 vel
1222 2455 1337 2534 specie,
1354 2457 1426 2520 cium
1441 2458 1556 2522 dicitur
1569 2461 1605 2523 in
1620 2481 1728 2543 periere
1743 2486 1800 2530 suo

165 2538 254 2612 suit3
276 2538 331 2601 sed
353 2534 512 2616 quiahoc
535 2535 641 2613 ipsum
664 2531 750 2613 qubd
770 2551 811 2596 ex
828 2532 963 2595 materid
1013 2533 1063 2596 vel
1076 2533 1174 2610 specis
1187 2537 1255 2597 sard.

166 2616 359 2679 elementari
369 2615 486 2678 virtute
498 2613 629 2676 seminis
644 2613 695 2674 vel
709 2612 874 2675 stellarum
887 2630 961 2690 pos·
1052 2608 1081 2669 b.
1096 2613 1262 2688 Praeterea,
1274 2616 1426 2678 animalia
1436 2618 1599 2682 terrestria
1611 2622 1712 2700 magis
1725 2631 1802 2686 sunt

167 2699 248 2758 sunt
264 2695 418 2758 animalia
453 2691 576 2768 reduci,
590 2693 639 2754 cst
657 2708 699 2754 ex
713 2691 830 2754 virtute
843 2691 962 2769 primi·
1014 2689 1131 2753 similia
1150 2691 1288 2765 homini,
1310 2694 1366 2773 qui
1383 2692 1402 2757 d
1419 2696 1485 2757 Deo
1504 2696 1620 2759 dicitur
1637 2701 1799 2775 helladici,

169 2770 223 2836 tiss
241 2776 407 2837 elementis
442 2769 506 2834 aid.
1035 2766 1799 2857 udmavesetpisces.Cirmigituravesetpisces

221 2854 273 2916 Ad
302 2851 480 2916 secundum
510 2847 680 2912 dicendum
713 2847 798 2928 qudd
824 2865 962 2928 corpora
1011 2785 1160 2909 dicantur
1175 2849 1337 2922 benedici,
1353 2851 1453 2913 multo
1468 2851 1580 2916 furtivis
1594 2855 1728 2920 hocdlcl
1742 2859 1800 2922 de-

170 2933 280 2996 avlum
296 2935 328 2995 et
341 2929 476 3013 piscium
489 2930 626 3010 possunt
636 2927 805 3005 dupliciter
817 2927 961 2990 conside·
1012 2925 1081 2990 buit
1094 2927 1133 2988 de
1147 2927 1218 2991 aliis
1238 2929 1442 2992 animalibus.

170 3014 251 3076 rari.
266 3013 337 3074 Uno
349 3008 443 3072 modo
455 3005 631 3072 secundum
645 3024 701 3080 se3
724 3007 815 3068 etsie
830 3024 961 3069 necesso
1051 3004 1081 3066 5.
1095 3007 1262 3081 Praeterea,
1278 3010 1423 3086 quodam
1436 3009 1590 3074 animalia
1602 3020 1799 3092 generantur

171 3094 221 3154 est
241 3090 328 3170 qubd
349 3091 383 3152 in
402 3089 448 3152 cis
474 3104 525 3150 ma
550 3086 576 3148 is
596 3089 747 3148 terrestre
768 3086 961 3148 elementum
1012 3101 1055 3146 ex
1068 3085 1310 3162 putrefactione,
1324 3091 1627 3168 quaecstcorruptio
1640 3093 1798 3170 quodam.

170 3169 374 3242 dominctnr;
389 3168 467 3248 quio
481 3105 595 3230 auios
610 3164 696 3244 qubd
712 3163 769 3226 liat
780 3166 961 3242 contempe-
1011 3162 1182 3243 Correptio
1194 3169 1300 3228 autem
1312 3184 1375 3229 non
1390 3167 1540 3230 convenit
1551 3170 1661 3246 primm
1674 3172 1800 3236 institu-

171 3248 256 3311 ratio
269 3247 434 3310 mixtionis
452 3245 485 3307 in
507 3261 640 3324 corpore
654 3243 815 3318 animalis,
830 3261 961 3306 necesse
1011 3242 1091 3304 tioni
1105 3261 1225 3304 rerum.
1239 3247 1307 3308 Non
1323 3264 1399 3326 ergo
1411 3246 1567 3326 ejusmodi
1581 3251 1734 3314 animalia
1746 3253 1800 3314 de-

172 3334 221 3390 est
233 3326 320 3407 qubd
333 3321 544 3407 quantitative
557 3322 697 3385 abundet
712 3321 747 3382 in
761 3339 799 3384 eo
814 3322 962 3384 clemen·
1012 3322 1152 3384 buerunt
1162 3324 1194 3384 in
1209 3323 1312 3402 primi
1324 3344 1432 3387 rerum
1443 3327 1642 3390 institutione
1654 3331 1797 3409 produci.

171 3411 241 3468 tum
255 3406 342 3486 quod
360 3409 409 3468 est
429 3397 535 3465 minius
554 3401 706 3473 activum,
721 3400 841 3462 scilicet
857 3405 959 3474 terra;
1051 3399 1082 3460 o.
1095 3402 1268 3476 Preterea,
1284 3403 1429 3482 quedam
1443 3406 1596 3468 animalia
1610 3412 1685 3471 sunt
1700 3427 1800 3472 venc-

172 3485 229 3548 eed
256 3485 284 3547 si
305 3483 548 3548 considerentur
570 3477 746 3542 secundum
776 3477 861 3558 qudd
885 3484 962 3542 sunt
1012 3495 1109 3552 nosa,
1133 3485 1166 3542 ct
1185 3481 1307 3543 bomini
1329 3483 1438 3544 noxia.
1462 3483 1547 3545 Nihil
1563 3490 1670 3548 autem
1690 3487 1800 3551 debuit

172 3567 250 3627 nata
268 3563 389 3628 moveri
403 3563 520 3625 talibus
536 3559 688 3632 motibus,
706 3557 752 3620 sic
770 3557 891 3620 babent
910 3559 962 3622 af-
1012 3575 1083 3619 esse
1101 3558 1222 3620 bomini
1250 3559 1399 3623 nocivum
1421 3565 1496 3624 ante
1515 3568 1690 3641 peceatum.
1713 3567 1799 3648 Ergo

172 3643 329 3706 finitatem
349 3640 522 3720 quamdam
535 3655 609 3701 cum
623 3638 812 3716 corporibus
832 3636 864 3696 in
886 3637 963 3715 qui·
1012 3635 1194 3715 hujusmodi
1214 3638 1370 3702 animalia
1386 3639 1437 3702 vel
1455 3639 1587 3702 omnind
1607 3641 1675 3705 fieri
1692 3641 1712 3706 d
1730 3645 1799 3707 lieo

173 3723 235 3786 bus
256 3725 444 3795 merentum
463 3723 495 3781 et
512 3717 559 3780 sic
585 3733 698 3780 eorum
719 3715 883 3796 generatio
909 3715 962 3777 lrlc
1013 3731 1077 3776 non
1092 3715 1282 3791 debuerunt,
1298 3717 1353 3795 qui
1369 3722 1417 3779 est
1430 3720 1587 3780 bonorum
1602 3727 1731 3800 auctor3
1748 3725 1799 3788 vel

172 3799 376 3864 describitur.
1012 3811 1077 3854 non
1095 3794 1273 3857 debuerunt
1287 3795 1355 3858 fieri
1371 3799 1445 3858 ante
1462 3802 1638 3875 peccatum.

214 3880 262 3942 Ad
284 3878 414 3944 tertium
433 3873 601 3938 dicendum
621 3872 707 3954 qubd
726 3890 794 3948 aer,
812 3872 890 3952 quia
904 3873 962 3934 in·
1052 3873 1088 3933 ln
1100 3875 1797 3972 contrariumsufficitauctoritasScripturro.

176 3958 338 4022 sensibilis
358 3961 426 4030 est,
451 3972 516 4016 nou
537 3971 595 4032 per
612 3971 647 4015 se
661 3953 765 4032 ipsum
782 3970 962 4014 connume-
1052 3951 1240 4029 llespondco
1264 3953 1431 4015 dicendum
1458 3953 1545 4032 qudd
1572 3957 1655 4018 sieut
1684 3975 1717 4019 rn
1747 3959 1798 4022 die

174 4042 280 4110 ratur,
303 4035 360 4100 sed
380 4053 453 4098 cum
474 4033 565 4106 aliis3
593 4033 709 4110 partim
728 4029 858 4110 quidem
888 4048 961 4093 cum
1012 4029 1126 4107 quinto
1136 4035 1271 4092 ornatur
1292 4032 1430 4094 medium
1443 4048 1571 4111 corpus,
1585 4038 1617 4095 ct
1629 4037 1800 4114 respondet

174 4116 278 4197 mua,
292 4109 451 4194 quantum
470 4111 510 4174 ad
529 4108 712 4172 inferiorem
729 4113 869 4187 partem,
889 4126 961 4187 quas
1012 4107 1159 4170 secundas
1176 4108 1257 4182 diei3
1279 4111 1322 4172 ita
1344 4111 1377 4172 in
1394 4116 1486 4172 sexto
1502 4112 1553 4173 die
1567 4117 1702 4174 ornatur
1714 4117 1799 4176 ulti-

174 4193 435 4259 exlralationibus
462 4207 554 4272 aquea
586 4189 808 4283 ingrossatur3
843 4188 960 4265 partim
1012 4203 1101 4248 mum
1110 4187 1376 4265 corpus,scilicet
1387 4193 1549 4268 terra,per
1559 4191 1799 4268 productionem

174 4275 272 4338 etiam
293 4291 367 4336 cum
391 4272 490 4343 ccelo,
516 4273 674 4348 quantum
697 4266 738 4330 ad
763 4267 961 4344 superiorem
1012 4265 1200 4326 animalium
1224 4267 1438 4340 terrestrium,
1455 4272 1486 4328 et
1506 4270 1676 4348 respondet
1698 4274 1799 4338 tertio

174 4358 318 4434 parterm
333 4366 409 4415 aves
424 4353 533 4414 autem
549 4351 671 4408 motum
689 4346 809 4408 babent
826 4345 860 4406 in
881 4344 961 4406 infe-
1011 4343 1086 4406 diei.
1102 4342 1190 4406 Unde
1204 4345 1375 4423 utrobique
1389 4345 1424 4406 fit
1437 4347 1556 4408 mentio
1570 4349 1608 4410 de
1621 4347 1718 4414 terri.

175 4433 255 4495 riori
280 4435 370 4511 parte
394 4431 495 4500 aerior
520 4433 552 4489 et
579 4426 650 4488 ided
673 4425 735 4488 sub
760 4423 961 4486 firmamento
1050 4421 1154 4484 Ethic
1168 4422 1451 4486 etiamsecunddm
1466 4427 1693 4506 Augustinum,
1709 4429 1800 4493 liud

175 4511 246 4574 curli
271 4510 380 4573 velare
393 4507 554 4579 dicuntur,
575 4503 700 4568 etiamsi
726 4503 961 4565 firmamentum
1013 4518 1110 4580 super
1122 4501 1201 4564 Gen.
1216 4520 1286 4582 cap.
1297 4502 1326 4576 5,
1336 4503 1489 4567 animalia
1502 4507 1666 4570 terrestria
1678 4510 1801 4649 grode-

197 4607 236 4652 ro
249 4589 406 4653 nebuloso
419 4603 495 4650 aere
519 4583 717 4663 accipiatur3
738 4585 771 4645 et
790 4579 862 4645 ided
882 4597 962 4660 pro-
1012 4586 1131 4644 cuntur
1155 4581 1389 4660 potentialiter3
1419 4583 1595 4646 seeundum
1621 4603 1677 4650 ver
1718 4588 1800 4652 atius

175 4607 282 4731 sectio
295 4668 437 4730 aviuma
459 4681 510 4726 use
522 4661 723 4726 adscribitur.
1012 4662 1296 4736 sanctos,inactn.

216 4747 263 4810 Ad
275 4747 427 4828 quartum
459 4741 605 4806 icendum
617 4739 702 4820 qudd
717 4737 882 4803 naturade
894 4755 960 4801 uno
1052 4739 1245 4817 Adprimum
1257 4757 1334 4820 ergo
1345 4739 1512 4804 dicendum
1526 4741 1623 4820 qudd,
1640 4742 1723 4806 sicut
1737 4745 1797 4808 Ba·

176 4823 378 4889 miremort
396 4822 483 4888 aliud
497 4819 614 4884 transit
627 4837 685 4899 per
701 4817 822 4893 media;
840 4822 872 4880 et
890 4818 961 4881 ideb
1012 4818 1104 4879 silius
1118 4817 1203 4891 dicit,
1220 4818 1305 4879 bom.
1320 4818 1340 4880 8
1356 4819 1504 4894 lienam,
1518 4820 1663 4884 diversus
1679 4822 1798 4901 gradus

175 4905 259 4968 inter
267 4904 408 4968 etelestla
419 4906 451 4964 et
464 4899 613 4980 aquatica
627 4895 780 4960 animalia
788 4900 864 4958 sunt
875 4915 961 4975 quus-
1013 4897 1084 4958 vites
1096 4897 1152 4974 qui
1168 4897 1201 4957 in
1215 4897 1348 4959 diversis
1366 4898 1545 4962 viventibus
1561 4899 1740 4974 invenitur,
1757 4921 1799 4964 ex

174 4980 249 5046 dam
261 4985 460 5060 mediaque
472 4977 789 5042 communicantcum
801 4975 959 5054 utrisque,
1012 4973 1335 5052 moduloquendiScri
1360 4978 1799 5058 iurecolligipoteslulanto

176 5067 208 5125 et
221 5065 448 5142 computantur
466 5075 540 5121 cum
557 5055 620 5120 illis
635 5073 708 5119 cum
726 5053 846 5133 quibus
859 5055 960 5133 magis
1012 5053 1097 5114 enim
1105 4995 1536 5145 babentimperssctissimam
1544 5057 1642 5119 vitam
1653 5061 1685 5120 et
1694 5059 1800 5120 occul-

176 5142 434 5214 communicant,
456 5133 632 5200 secundirm
654 5134 686 5196 id
710 5132 796 5214 qudd
818 5133 960 5195 cumeis
1012 5131 1189 5204 tam3unde
1198 5150 1231 5193 ru
1241 5151 1352 5195 earum
1363 5134 1570 5212 productione
1580 5136 1670 5199 nulla
1680 5138 1800 5200 mentio

176 5221 430 5293 communicant,
447 5232 514 5278 nou
530 5210 708 5279 secuudum
728 5210 760 5274 id
774 5210 859 5291 qudd
876 5227 962 5274 com·
1012 5208 1048 5270 lit
1066 5210 1105 5272 de
1122 5207 1205 5283 vitd,
1223 5212 1279 5274 sed
1295 5211 1399 5274 solirm
1416 5213 1454 5275 de
1477 5215 1701 5292 generatione,
1722 5215 1801 5294 quia

175 5299 342 5362 municant
363 5315 436 5360 cum
449 5294 514 5358 alio
527 5297 682 5356 extremo.
698 5293 837 5363 Tamen,
852 5294 889 5352 ut
905 5290 961 5352 in·
1013 5285 1186 5351 secundirm
1198 5291 1281 5354 banc
1293 5289 1397 5354 soldm
1411 5292 1572 5354 invenitur
1583 5296 1673 5356 actus
1685 5295 1756 5356 vitm
1766 5295 1800 5356 in

176 5377 347 5441 eludantur
359 5375 468 5438 omnia
482 5371 664 5452 hujusmodi
679 5387 752 5448 quae
766 5369 886 5432 babent
899 5369 962 5432 ali·
1013 5366 1070 5430 eis.
1088 5369 1246 5433 Nutritiva
1262 5369 1347 5432 enim
1362 5375 1391 5430 et
1409 5373 1647 5449 augmentative
1659 5389 1801 5451 genera-

198 5457 253 5517 uid
268 5455 406 5537 speciale
417 5455 501 5516 inter
512 5447 804 5531 piscespostquam
818 5448 960 5512 dixerat:
1014 5447 1085 5509 livre
1099 5447 1299 5522 deserviunt,
1319 5453 1353 5509 ut
1371 5448 1453 5511 infra
1473 5446 1605 5524 dicetur,
1619 5454 1732 5529 quest.
1746 5449 1798 5525 78,

176 5473 360 5597 2roducorct
374 5551 459 5614 omre
472 5530 583 5612 reptile
595 5529 705 5592 oniaco
719 5529 872 5596 viventius
887 5529 962 5590 sub·
1013 5531 1074 5588 art.
1090 5525 1120 5586 2.
1138 5527 1224 5589 lntcr
1237 5528 1391 5590 animalia
1407 5527 1483 5591 verb
1500 5526 1688 5604 perfectiora
1703 5536 1798 5602 sunt,

174 5613 301 5695 jungit:
315 5613 441 5677 Crescit
456 5612 538 5672 fleur
556 5616 616 5671 cete
629 5606 774 5687 praedio,
790 5610 849 5668 etc.
1014 5606 1224 5667 communiter
1242 5605 1420 5684 loquendo,
1446 5607 1610 5669 terrestria
1633 5609 1747 5672 avibus
1767 5613 1799 5672 et

217 5693 265 5755 ad
289 5694 438 5774 quintum
479 5687 647 5752 dicendum
683 5684 768 5766 qubd
795 5684 961 5786 productio
1015 5685 1172 5762 piscibus;
1189 5701 1253 5746 non
1270 5683 1354 5763 qubd
1371 5685 1471 5763 pisces
1488 5685 1796 5754 memoridcareont·
