4008 6346
263 276 330 334 inor
763 261 893 321 sinim
913 259 1138 319 riineiocicm
1158 245 1244 322 rins
1263 264 1377 323 onisii.
1857 275 1920 334 ηοω

157 419 161 425 ’
261 393 323 455 lioe
340 404 410 452 esse
431 401 496 448 non
519 382 641 462 potest;
658 380 736 458 quia
754 378 800 439 sic
817 374 968 438 continue
988 391 1045 440 aer
1097 377 1252 454 tanquam
1267 380 1465 459 Platonicus,
1484 383 1619 448 eoeium
1646 383 1742 446 istud
1764 382 1920 450 sidereum

261 471 510 535 illuminaretur,
529 476 588 523 noc
607 453 751 537 unquam
772 473 837 548 nox
855 461 949 548 esset.
972 455 1043 546 ΙΝοιτ
1098 456 1227 534 igneum
1240 475 1311 520 esse
1325 461 1554 536 existimabam
1576 466 1615 524 et
1631 463 1712 524 ided
1734 479 1919 544 empyreum

260 555 337 629 ergo
351 544 466 608 coelum
487 554 671 619 empyreum
690 539 832 598 materias
854 531 980 596 inlormi
995 536 1044 595 est
1098 535 1301 609 nominabat,
1322 539 1374 599 rel
1391 541 1599 612 aethereum,
1625 539 1819 604 secundum
1840 545 1918 621 quud

260 626 475 689 meledium·
827 689 863 704 ..
900 686 905 696 ,
1098 627 1214 674 nomen
1226 614 1350 676 etheris
1365 619 1501 680 sumitur
1512 621 1563 681 ab
1580 617 1878 690 inflammatione,
1892 628 1919 686 et

300 701 359 766 Sed
372 704 482 763 contra
497 693 642 785 estquod
658 692 789 755 Strabus
805 690 880 752 dicit
896 690 1044 770 [babetur
1097 706 1162 751 nou
1188 692 1363 755 seeundum
1393 696 1478 774 quud
1504 698 1670 759 sumitur
1700 695 1723 760 p
1753 699 1917 764 velocitate

259 784 294 846 in
318 783 422 844 Gloss.
436 776 518 852 ord,
532 773 586 834 ubi·
607 777 723 836 citatur
742 786 808 831 non
822 769 970 842 Strabus,
988 768 1044 830 sed
1096 768 1222 841 motus,
1239 774 1274 832 ut
1286 772 1471 837 Aristoteles
1487 775 1587 848 dicit,
1606 776 1624 837 1
1644 775 1690 838 de
1714 776 1827 847 Coelo,
1842 782 1915 840 tert,

258 859 372 941 Beda),
385 855 470 936 qudd
490 849 562 916 oiim
574 851 689 912 dicitur
703 869 710 908 ι
725 849 767 909 lo
802 845 939 938 iincipio
956 864 1045 908 creo-
1096 843 1147 905 22.
1161 847 1252 922 Quod
1263 867 1320 926 pro
1336 855 1425 912 tanto
1436 853 1561 915 dictum
1579 856 1642 926 sit,
1656 872 1703 916 ne
1717 855 1841 934 aliquis
1854 859 1916 935 opi-

258 941 305 1001 oit
321 940 402 1012 Deus
423 934 568 996 colum-et
584 937 716 994 terram,
734 945 780 988 coe
794 943 848 986 um
868 925 959 1016 dicit,
978 941 1044 985 non
1096 928 1211 1000 netur,
1233 927 1449 1008 Augustinum
1475 933 1604 994 culum
1627 949 1710 1011 emp
1736 953 1833 995 reum
1856 953 1916 1013 po.

259 1016 384 1079 visibile
397 1011 643 1080 firmamentum,
659 1005 715 1068 sed
728 1021 924 1083 empyreum,
938 1001 968 1062 id
983 1006 1042 1079 est,
1096 1003 1220 1076 fluisse,
1237 1007 1319 1067 sieut
1333 1025 1420 1070 nunc
1433 1011 1574 1087 ponitur·
1589 1008 1613 1073 a
1633 1027 1695 1070 mo
1720 1012 1825 1072 emis,

128 1117 132 1124 ’
256 1098 399 1178 lineum·
521 1167 528 1181 ,
1055 1101 1058 1110 “
1135 1080 1182 1174 Ad
1207 1084 1346 1175 primum
1366 1103 1442 1165 ergo
1462 1087 1653 1150 dicendum
1671 1089 1910 1168 quddeorpors

296 1169 485 1251 Respondeo
499 1162 666 1227 dicendum
685 1159 772 1241 qudd
788 1157 909 1252 'omium
928 1175 1045 1238 empy-
1096 1159 1262 1223 sensibilia
1272 1166 1348 1223 sunt
1363 1166 1494 1228 mobilia
1510 1165 1715 1228 secundum
1732 1167 1841 1246 ipsum
1855 1176 1913 1230 sta-

258 1270 349 1314 reum
361 1266 426 1314 non
442 1244 603 1309 invenitur
614 1241 753 1319 positum
763 1256 825 1298 nisi
839 1255 896 1315 per
905 1237 1044 1297 auctori·
1095 1239 1164 1298 tum
1176 1239 1296 1314 mundi,
1307 1242 1386 1318 quia
1398 1250 1596 1320 permotum
1609 1249 1785 1306 creaturae
1798 1263 1911 1324 corpo-

258 1336 338 1394 tates
352 1325 456 1391 Strabi
480 1328 510 1385 et
523 1320 631 1394 Bedu,
648 1322 680 1380 et
695 1313 810 1377 iteriim
826 1332 883 1393 per
897 1314 1045 1376 auctori-
1095 1315 1177 1408 ralis·
1190 1321 1382 1402 procuratur
1395 1321 1645 1384 elementorum
1670 1323 1907 1402 multiplicatio,

258 1414 356 1482 talem
371 1404 491 1468 Basilii·
872 1471 878 1484 ,
929 1471 935 1484 Ι
1095 1390 1154 1453 Sed
1169 1412 1202 1455 in
1213 1395 1326 1460 ultima
1337 1402 1625 1463 consummatione
1641 1401 1764 1480 glories
1779 1405 1908 1464 cessabit

298 1489 335 1549 ln
348 1483 439 1566 cujus
454 1479 610 1560 positione
621 1469 825 1570 quaptilmad
838 1470 956 1548 aliquid
968 1487 1044 1561 con-
1095 1486 1266 1549 corporum
1292 1480 1414 1550 motus3
1439 1485 1471 1539 et
1495 1481 1602 1541 talem
1628 1481 1786 1558 oportun
1804 1481 1905 1544 ‘3303

257 1565 412 1636 veniunt,
437 1557 557 1622 scilicet
580 1557 735 1632 quantum
757 1550 796 1611 ad
818 1550 879 1610 boc
895 1548 979 1626 qubd
1002 1555 1044 1608 sit
1095 1549 1253 1628 principio
1269 1551 1508 1631 dispositionem
1523 1558 1603 1618 eoeli
1623 1559 1793 1636 empyrei.

257 1646 348 1707 locus
362 1643 538 1704 beatorum.
554 1633 635 1723 Dicit
649 1631 732 1692 enim
744 1629 936 1716 Strabus‚et
947 1626 1043 1688 etiam
1134 1627 1181 1687 ild
1193 1632 1548 1695 secundum·dieendum
1568 1635 1669 1712 qudd
1686 1637 1770 1697 satis
1788 1637 1904 1714 proba-

257 1723 342 1786 Beda
353 1719 442 1791 ibid,
479 1713 542 1776 ubd
558 1710 790 1791 statimtaetrm
802 1706 926 1784 Assyriis
941 1711 1044 1764 estre·
1095 1703 1159 1766 bile
1181 1711 1230 1768 est
1252 1710 1337 1786 qudd
1363 1713 1476 1772 coelum
1499 1731 1709 1793 empyreum
1733 1712 1901 1775 secundem

255 1735 762 1883 pletum-Basiliusetiamdicit‚in
773 1783 1041 1874 bomildeiiam„
1095 1785 1265 1876 quosdam,
1284 1786 1356 1850 edm
1371 1789 1411 1850 sit
1423 1789 1616 1853 ordinatum
1635 1792 1680 1853 ad
1698 1795 1822 1854 statum
1835 1793 1902 1870 glo-

258 1877 373 1944 dmed.
392 1895 400 1935 ε
420 1874 511 1938 Sient
534 1870 670 1931 damuati
697 1882 733 1926 ro
755 1861 1043 1952 tenebrosultimos
1095 1879 1166 1930 riae,
1183 1881 1247 1925 non
1263 1865 1358 1928 babet
1373 1867 1575 1930 intluentiam
1599 1870 1636 1930 in
1654 1870 1816 1932 interiora
1830 1887 1899 1930 cor.

256 1957 446 2039 abiyootur,
462 1953 509 2013 ito
524 1944 729 2009 remuneratio
742 1958 801 2021 pro
818 1941 922 2018 depuis
938 1940 1044 2018 operi·
1095 1956 1191 2017 pora,
1205 1959 1276 2018 quse
1287 1949 1362 2005 sunt
1375 1948 1435 2007 sub
1447 1945 1511 2008 alio
1526 1948 1670 2020 ordine,
1686 1952 1802 2025 utpote
1816 1948 1899 2008 ordi—
1969 1955 1970 1980 l

257 2037 314 2098 lios
325 2037 519 2096 restauratur
535 2027 570 2087 in
584 2027 619 2116 ed
632 2023 697 2084 luce
713 2039 780 2112 quie
793 2027 835 2078 est
849 2025 940 2108 cartre
950 2035 1044 2078 mon-
1096 2022 1171 2081 nata
1185 2019 1224 2082 ad
1237 2023 1418 2084 naturalem
1431 2042 1539 2085 rerum
1557 2026 1751 2087 decursum
1772 2025 1816 2104 (1)
1969 2073 1970 2076 ,

257 2116 349 2183 dum:
373 2119 402 2174 el
427 2107 471 2171 lbi
499 2105 613 2190 quiem
637 2101 828 2162 domttllmm
856 2102 1040 2156 sortientur·
1133 2096 1332 2162 Probabiliiis
1345 2106 1452 2163 tamen
1466 2103 1598 2165 videtur
1612 2103 1793 2166 dicendum
1807 2103 1894 2180 qudd,
1969 2095 1970 2108 ³

256 2191 416 2255 Diiieruiit
434 2192 542 2250 tamen
562 2175 718 2260 quantiim
742 2175 958 2237 adtalionem
979 2190 1044 2250 ρο-
1095 2173 1178 2266 sicut
1189 2179 1329 2256 supremi
1345 2181 1475 2258 angeli,
1498 2183 1555 2259 qui
1582 2184 1770 2254 assistunt,
1787 2182 1894 2242 babent

257 2271 364 2334 nendi.
379 2269 460 2332 Nam
475 2263 607 2325 Strabus
626 2261 657 2320 et
676 2253 761 2346 Beda
783 2257 906 2332 ponunt
929 2253 1043 2314 coeluin
1095 2252 1400 2336 influentianisuper
1414 2259 1532 2321 medios
1547 2265 1583 2322 et
1600 2261 1753 2332 ultimos,
1765 2259 1892 2338 quimil-
1969 2279 1970 2284 ¹

258 2363 447 2429 empireum
470 2339 509 2403 ⁰3
532 2338 674 2407 ‘aime’
696 2349 772 2424 limi!
786 2331 1045 2422 mamm&
1086 2333 1218 2417 ,tuntum
1234 2337 1379 2412 quamvis
1395 2337 1455 2415 ipsi
1478 2355 1543 2399 non
1566 2340 1762 2410 mittantur,
1780 2355 1892 2398 seeun-

279 2443 315 2490 er
328 2422 414 2505 quod
434 2420 548 2484 coelum
560 2429 747 2502 empyreum
763 2410 959 2502 intelligunt,
977 2425 1043 2470 non
1094 2409 1170 2471 diiin
1183 2413 1392 2494 Dionysium,
1409 2429 1479 2494 cap.
1501 2415 1520 2476 8
1546 2417 1624 2479 coel.
1641 2416 1831 2487 Hierareb.,
1850 2414 1887 2475 ita
1969 2457 1970 2480 ,

257 2525 291 2567 in
307 2500 482 2584 principio,
497 2496 551 2560 sed
563 2488 707 2556 secunda
719 2489 777 2581 dio·
787 2489 902 2549 dicitur
914 2487 1041 2578 laetum.
1095 2489 1208 2551 culum
1227 2509 1413 2574 empyreum
1437 2495 1533 2557 habet
1559 2495 1776 2557 influentiam
1802 2509 1889 2570 ,uper
1969 2493 1970 2530 ς

256 2582 393 2646 Basilius
409 2577 486 2642 iord
504 2575 543 2638 ed
565 2572 689 2635 ratione
702 2573 813 2646 ponit,
838 2583 878 2628 ne
899 2566 1044 2658 videatur
1095 2583 1316 2648 corporaque
1328 2575 1507 2646 moventur,
1523 2573 1602 2635 licet
1618 2576 1732 2652 ipsum
1748 2588 1811 2631 non
1826 2585 1887 2629 mo.
1969 2589 1970 2600 ,

257 2663 317 2726 sim
340 2659 444 2722 liciter
465 2656 550 2716 Deus
570 2667 651 2729 opus
672 2664 767 2712 suuni
788 2642 807 2707 d
827 2645 966 2705 tenebris
987 2662 1045 2704 in-
1096 2653 1220 2706 reatur-
1238 2647 1278 2708 Et
1291 2655 1421 2728 propter
1434 2650 1496 2712 boc
1510 2657 1621 2729 potest
1644 2651 1711 2712 dici
1734 2649 1819 2728 qudd
1836 2649 1885 2707 in-
1969 2625 1970 2704 i

257 2680 674 2822 obolssmquodltlaniehaei
683 2721 1043 2814 calumniantur,1)euin
1095 2720 1164 2814 lluit
1179 2726 1212 2786 in
1227 2726 1366 2804 primum
1393 2729 1507 2790 coelum
1529 2729 1622 2807 quod
1646 2733 1808 2798 movetur,
1827 2741 1884 2784 non
1969 2719 1970 2780 l

256 2817 374 2885 veteris
385 2811 579 2877 Testamenti
596 2808 698 2868 Deum
713 2804 917 2864 ltnebrarum
935 2815 1044 2860 nomi·
1095 2802 1216 2880 aliquid
1245 2806 1405 2869 transiens
1429 2811 1460 2868 et
1476 2806 1659 2868 adveniens
1677 2825 1739 2885 per
1754 2807 1880 2868 motum.
1969 2783 1970 2870 l

257 2900 384 2960 Milies·
921 2956 928 2972 ,
1096 2879 1151 2942 sed
1165 2882 1284 2959 aliquid
1299 2883 1400 2946 lixum
1426 2891 1458 2946 et
1482 2886 1622 2959 stabile,
1646 2891 1728 2964 puta
1746 2883 1882 2944 virtutem

296 2977 352 3038 llas
373 2973 479 3038 autom
493 2966 633 3029 rationes
655 2977 719 3022 non
738 2962 814 3020 sunt
833 2957 968 3017 multum
984 2973 1045 3018 eo-
1095 2960 1278 3020 continendi
1299 2967 1329 3022 et
1348 2963 1521 3035 causandi,
1542 2964 1599 3025 rel
1622 2960 1751 3042 aliquid
1776 2959 1881 3038 bajos-
1969 2959 1970 2986 ³

256 3057 380 3194 pontes.
406 3050 487 3111 Nam
504 3041 638 3137 quaestio
659 3039 698 3100 de
715 3037 937 3129 firmamento,
958 3033 1045 3126 quod
1096 3037 1179 3098 modi
1195 3038 1234 3100 ad
1248 3038 1433 3132 dignitatem
1447 3043 1629 3119 pertinens.

257 3113 1045 3288 ,tittttlttttttttttttttttttttttf
1096 3115 1878 3275 t,titttttatttttttttmittut

257 3289 318 3352 stio
327 3291 435 3349 autem
445 3283 483 3344 de
492 3276 629 3341 tenebris
639 3273 784 3364 solvitur,
794 3268 967 3333 secundum
976 3271 1046 3330 Au·
1096 3274 1361 3350 cessitatem‚sed
1377 3273 1876 3356 proptercongrujyflyem‚um.

250 3361 476 3446 agustinum
499 3375 570 3435 81¹1)-
594 3356 673 3417 Gen.
691 3352 729 3444 ad
747 3351 826 3443 hilp
849 3347 991 3427 cap-15,
1013 3351 1045 3408 el
1096 3351 1196 3411 terior
1209 3352 1336 3414 claritas
1352 3355 1496 3415 interiori
1517 3355 1707 3418 conveniat.
1726 3349 1807 3412 Unde
1821 3347 1874 3406 Ba·
1969 3341 1970 3422 ξ

256 3446 288 3521 ’1,
303 3461 374 3523 cap.
387 3441 438 3514 27,
449 3455 507 3517 ρετ
519 3436 579 3497 boe
592 3431 677 3511 quod
690 3428 869 3491 informitas
880 3470 888 3501 ,
898 3444 975 3518 'quac
988 3443 1045 3505 ρετ
1096 3427 1186 3490 silius
1199 3429 1291 3505 dicit,
1310 3431 1394 3493 hom.
1411 3433 1430 3492 2
1444 3433 1478 3493 iii
1496 3433 1636 3496 Hexam.
1659 3431 1680 3497 d
1697 3427 1788 3499 med,
1800 3420 1872 3503 qudd

257 3524 406 3588 tenebras
433 3512 641 3596 significatur,
669 3525 734 3568 non
759 3510 921 3585 precessit
941 3504 1045 3594 dura·
1095 3507 1295 3571 ministrator
1316 3511 1449 3590 spiritus
1476 3529 1541 3572 oon
1561 3517 1698 3590 poterut
1727 3506 1826 3584 clepere
1843 3501 1872 3560 ir
1969 3529 1970 3542 ι

257 3602 347 3662 tione
365 3595 608 3662 formationem,
631 3586 685 3649 sed
701 3585 836 3676 origine.
864 3581 1044 3674 Secundum
1098 3585 1249 3660 tenebris,
1272 3588 1325 3650 sed
1349 3589 1473 3659 interce,
1494 3597 1522 3649 et
1539 3589 1657 3652 ioetitio
1677 3581 1802 3666 dependi
1818 3575 1871 3639 etti·
1969 3571 1970 3648 i

258 3677 339 3742 alios
353 3673 441 3743 verb,
454 3669 526 3732 elim
541 3669 752 3728 tenebraenon
763 3661 1045 3724 sintcreaturaali·
1096 3662 1234 3725 hobitum
1241 3667 1430 3746 possidebat.
1969 3657 1970 3737 ξ

258 3773 344 3836 qua,
359 3747 564 3830 sedprivatio
576 3745 655 3804 lucis
668 3786 677 3816 ,
692 3741 807 3832 diyinie
821 3739 1045 3830 sapientiem·
1136 3742 1182 3802 ild
1195 3749 1344 3820 quartum
1361 3745 1527 3809 dicendum
1538 3746 1640 3825 quud,
1657 3745 1740 3806 sicut
1750 3733 1864 3799 Basilius
1969 3743 1970 3754 ¹

257 3837 405 3903 testatur,
413 3834 451 3892 ut
464 3843 502 3888 ea
515 3840 585 3903 qum
598 3820 749 3912 produxit
765 3836 805 3879 ex
820 3817 931 3888 nihilo,
942 3815 1045 3894 primd
1097 3819 1172 3881 dicit
1188 3821 1283 3895 ibid,
1298 3827 1424 3887 constat
1434 3826 1551 3906 suetum
1563 3844 1629 3885 esre
1645 3821 1752 3884 caetum
1766 3819 1866 3875 rotru-

258 3915 293 3974 in
303 3915 389 3975 statu
402 3901 649 3985 imperfectionis
664 3897 854 3968 institueret,
865 3897 896 3955 et
907 3897 1045 3973 pustino·
1097 3897 1194 3958 ditate
1209 3901 1406 3970 conclusum,
1421 3901 1534 3965 babens
1548 3921 1667 3983 corpus
1686 3897 1824 3978 spissum,
1844 3895 1867 3945 et

257 3990 333 4054 dum
346 4006 385 4053 ea
400 3983 588 4066 perduceret
604 3978 643 4040 ad
661 3975 857 4070 perlectum..
976 4049 983 4064 .
1070 4002 1071 4005 ¹
1097 3975 1170 4038 oded
1198 3979 1346 4048 solidum,
1369 3988 1407 4041 ut
1423 3982 1527 4071 possit
1546 4000 1580 4042 eo
1597 3998 1668 4061 quer
1694 3961 1866 4037 extrinseci!

297 4070 405 4131 Potest
419 4067 527 4126 autem
545 4058 785 4150 convenientior
797 4057 880 4114 ratio
900 4062 984 4142 sumi
1004 4067 1046 4141 er
1097 4052 1261 4125 dotentur,
1283 4057 1320 4120 ab
1340 4059 1545 4120 interioribus
1573 4073 1731 4138 separare.
1759 4045 1801 4112 Olt
1819 4042 1866 4103 lot

258 4147 330 4228 ipsa
345 4143 526 4207 conditione
551 4137 671 4217 gloriae.
692 4133 888 4222 Expectatur
908 4145 993 4220 enim
1013 4145 1045 4187 in
1097 4136 1268 4198 necessarii
1288 4143 1363 4214 post
1383 4155 1415 4197 se
1431 4138 1587 4217 reyiooem
1609 4135 1749 4198 relictori
1769 4135 1865 4188 corea-

258 4223 367 4289 lutura
379 4215 639 4285 remuneratione
653 4210 772 4288 duplex
785 4209 908 4299 gloria,
927 4207 1046 4267 scilicet
1098 4219 1157 4272 tem
1177 4213 1244 4274 luce
1265 4216 1443 4284 coustituit,
1467 4224 1576 4296 utpote
1597 4214 1733 4297 [τείρετο.
1754 4201 1864 4285 ρκ’-Ν-

259 4301 436 4382 spiritualis
447 4292 749 4373 etcorporalis,nou
767 4283 871 4350 soliim
885 4302 919 4345 ιιι
933 4300 1046 4362 εοτρο-
1097 4290 1317 4370 perrodiobot,
1334 4293 1472 4355 excluso,

259 4383 349 4443 ribus
364 4375 512 4441 humanis
522 4367 748 4452 glorificandis,
762 4363 919 4428 sedetiam
932 4363 965 4422 in
980 4364 1046 4453 toto
1137 4368 1196 4430 Sed
1209 4371 1285 4447 quia
1300 4387 1416 4449 corpus
1435 4369 1645 4444 firmamenti,
1669 4365 1726 4429 etsi
1744 4360 1781 4422 sit
1792 4350 1861 4416 soli-

258 4457 379 4519 mundo
393 4450 587 4516 innovando.
604 4447 754 4534 inchoata
767 4445 815 4534 est
829 4444 935 4534 antem
950 4457 1046 4517 spin-
1098 4445 1190 4519 dum,
1216 4451 1265 4508 ρει
1287 4453 1393 4511 [amen
1419 4449 1638 4528 diaphanum,
1664 4440 1747 4523 quod
1770 4437 1862 4496 lump„

258 4536 356 4599 tualis
371 4532 473 4615 glorta
488 4531 528 4592 ab
543 4529 612 4606 ipso
626 4521 735 4584 mundi
746 4535 903 4610 principio
916 4535 950 4577 in
964 4519 1047 4578 bea·
1098 4542 1164 4585 non
1183 4525 1314 4604 impedit
1337 4525 1385 4606 (ut
1405 4533 1492 4607 patet
1511 4545 1569 4606 per
1589 4527 1653 4587 hoc
1669 4517 1750 4600 quod
1767 4516 1858 4596 pump„

259 4613 394 4677 titudine
406 4607 614 4701 Angelorum,
629 4616 772 4690 quorum
790 4597 955 4688 equalitas
973 4611 1046 4686 suan·
1098 4603 1264 4664 stellarum
1287 4605 1430 4667 videmus
1459 4622 1524 4667 non
1550 4603 1747 4667 obstantibus
1765 4585 1858 4652 modu,

259 4693 318 4755 etis
326 4689 533 4786 promittitur.
544 4682 631 4772 Unde
640 4694 832 4770 conrepieps
844 4673 1047 4764 tuitutetiam
1098 4681 1210 4762 omlis),
1228 4686 1333 4760 901031
1348 4683 1441 4745 ,yper
1459 4684 1539 4757 dici,
1558 4681 1653 4759 quyd¹
1668 4677 1759 4739 habet
1772 4667 1859 4728 lucem

260 4769 450 4864 aprincipio
474 4760 648 4842 corporalis
673 4759 774 4850 gloria
795 4753 1001 4846 inchoaretur
1013 4768 1046 4842 ip
1099 4760 1212 4820 coelum
1226 4777 1488 4842 empyreumnon
1508 4761 1747 4822 condensam,
1767 4749 1799 4806 ,ρ
1812 4751 1857 4826 ¹³?

262 4851 371 4929 illl1¹¹⁰
384 4860 529 4924 ⁰⁰lli⁰l⁰s
543 4839 628 4920 ‘1⁰⁰⁶
642 4841 738 4928 ⁰¹¹³!ss
751 4832 770 4926 ὲ,
784 4847 940 4910 Ps¹¹¹0¹ll¹0
953 4829 1047 4921 sllffffll
1099 4836 1166 4898 dios
1181 4838 1317 4912 emittat,
1337 4841 1426 4901 sicut
1443 4856 1558 4916 corpus
1585 4839 1679 4906 solis,
1703 4827 1753 4892 sed
1772 4827 1856 4894 mayn

260 4930 383 5006 absque
406 4922 558 4986 servitute
573 4918 786 4992 corruptionis
808 4914 840 4970 et
854 4909 1047 4970 mutabilita·
1099 4916 1247 4977 suptilem
1262 4937 1271 4990 3
1290 4917 1339 4978 ve]
1353 4919 1450 4979 habet
1463 4917 1639 4979 maritalem
1658 4907 1775 4993 glosa,
1789 4905 1854 4988 'qua

252 5007 302 5068 'tis
316 5050 325 5080 ,
341 5009 372 5068 et
385 5000 525 5064 totaliter
537 4994 698 5066 lucidum,
720 4992 802 5052 sicut
821 4993 886 5048 tota
900 4991 1048 5048 creatura
1099 5009 1165 5054 non
1176 5000 1225 5056 est
1240 4995 1410 5058 conformis
1425 5013 1498 5058 cum
1514 4995 1656 5057 claritate
1670 4977 1805 5051 naturali.

251 5065 986 5162 ΙῚΕ()ΥΙ)οΓ3Π9θῖῑῐηοῑὶῄω9οῂΓθςῃηθοῑίοηωῃ
999 5060 1048 5123 ω’
1100 5114 1278 5175 dariuuius
1288 5109 1496 5178 ir.-tttntm
1505 5120 1622 5192 tempos
1631 5109 1670 5170 sit
1682 5095 1852 5166 cosmatum

250 5146 1049 5319 .ttoiiiiii¹:¹l0tittltlttttttttt:
1138 5193 1275 5350 ypepy
1289 5192 1429 5274 informi·
1445 5226 1483 5237 -
1497 5191 1551 5272 u,
1573 5161 1851 5258 „·„1r‚,m.t

262 5320 350 5382 dore.

275 5451 276 5456 ,
302 5393 470 5458 Sciendum
483 5373 1047 5522 estantempubdAugustinuslbde
1139 5367 1185 5428 iu
1193 5371 1343 5446 quartum
1354 5367 1400 5430 sio
1409 5366 1601 5446 proceditur.
1616 5331 1848 5426 inmanitati

675 5461 728 5524 icit
746 5476 790 5536 qu
811 5456 831 5516 d
853 5453 1046 5532 Porphyrius
1099 5448 1224 5524 tempus
1237 5463 1302 5507 non
1317 5447 1359 5508 sit
1371 5449 1575 5509 concreatum
1590 5437 1721 5505 materie
1733 5425 1848 5492 interm·

262 5467 532 5547 civ.1›et,cap.9
548 5463 637 5536 ciffi,
1763 5499 1795 5563 12
1815 5486 1845 5552 ad

1797 5539 1804 5572 r

262 5552 461 5615 discernebat
477 5545 497 5608 d
518 5540 714 5605 demonibus
733 5534 883 5615 Angelos,
901 5537 937 5594 ut
953 5546 1048 5593 aerea
1098 5524 1181 5586 Dicit
1194 5525 1278 5586 enim
1293 5525 1503 5604 Augustinus,
1515 5523 1554 5585 12
1566 5518 1714 5590 Conless,
1726 5527 1750 5571 c·

263 5634 334 5694 loca
349 5647 418 5692 esse
432 5627 628 5691 daemonum,
644 5618 781 5680 ethereo
808 5610 884 5674 verb
904 5609 956 5672 rel
975 5625 1049 5668 ein-

260 5725 362 5790 pyrea
386 5707 503 5768 diceret
529 5698 733 5778 Angelorum.
752 5689 812 5754 Sed
830 5685 1045 5768 Porphyrius,
1137 5689 1175 5765 (Ι)
1189 5689 1299 5758 lucetii,
1314 5703 1422 5744 currem.
