4030 6332
124 399 166 460 tull
485 417 493 430 ·
626 397 760 470 QUAEST.
780 397 837 458 vll.
856 399 903 460 DE
921 393 1115 460 aimirice
1133 399 1202 461 ulit.

123 519 183 582 luas
194 515 290 580 lineas
332 517 482 584 retracta
501 513 522 582 l
541 519 670 592 centro,
687 514 811 596 quantit
827 515 907 594 lqn-

122 593 184 738 5iiis
208 602 320 674 protra
345 599 446 668 untur
467 591 487 661 d
507 601 636 670 centro,
662 596 751 660 tantil
776 595 907 688 longius

137 679 232 738 istaut
246 680 288 739 ab
304 677 453 740 invicem.
468 677 498 738 Si
515 693 592 756 ergo
605 694 723 754 corpus
736 682 820 738 esset
835 673 906 740 insi·

122 758 234 829 uitam,
258 757 292 816 in
308 756 470 824 infinitum
483 756 576 818 lineae
590 755 746 826 distarent
760 757 801 818 ali
824 753 907 823 invi·

122 855 197 908 ceni,
212 840 246 896 et
268 835 394 902 sicana
411 831 579 915 nunqudm
603 840 712 916 posset
735 834 906 914 pervenire

121 915 153 980 ad
167 916 275 976 locum
289 915 436 978 alterius.

151 996 196 1056 De
210 1011 350 1072 corpore
363 995 460 1057 ctiam
475 992 701 1069 mathematico
714 992 826 1056 eadem
844 1009 905 1058 ra·-

120 1073 157 1134 lio
167 1076 225 1134 est.
238 1074 323 1150 Quia
334 1073 361 1136 si
373 1073 586 1154 imaginemur
598 1089 715 1154 corpus
729 1071 904 1137 matbema-

120 1155 208 1216 ticum
223 1155 367 1220 existens
381 1159 476 1228 actii,
499 1153 625 1232 oportet
639 1151 725 1230 quiid
739 1151 904 1231 imagine-

119 1251 184 1296 mur
197 1233 307 1311 ipsum
322 1235 382 1296 sub
402 1233 446 1296 ali
470 1229 513 1296 ud
534 1227 652 1306 lerina,
667 1231 743 1310 quia
759 1231 839 1294 nihil
854 1235 903 1294 est

119 1319 184 1376 ectu
199 1311 263 1377 nisi
276 1331 334 1391 per
346 1251 586 1377 suamdorinam
597 1333 605 1386 ς
617 1311 702 1372 unde
712 1306 786 1373 cilia
799 1309 903 1374 torma

118 1391 243 1470 quanti,
265 1393 474 1470 inquantum
494 1390 697 1470 hujusmodi,
719 1391 760 1451 sit
777 1389 900 1469 ligura,

118 1471 270 1547 oportebit
284 1471 372 1562 qubil
390 1471 508 1532 babeat
529 1471 671 1549 aliquam
693 1467 846 1548 tiguraiin
871 1473 903 1529 et

117 1549 156 1610 sic
170 1550 231 1610 erit
244 1547 383 1622 linitum,
395 1554 444 1614 ost
455 1551 540 1612 enim
553 1549 668 1629 ligura,
682 1566 754 1626 quoe
764 1548 902 1612 termino

116 1627 161 1692 iel
173 1629 322 1692 leriniiiis
336 1629 628 1708 comprehenditur.

150 1707 196 1768 bil
210 1709 354 1784 primum
367 1725 444 1788 ergo
459 1707 628 1770 dicendum
641 1707 728 1800 qubd
740 1707 902 1786 geometer

116 1803 175 1846 non
191 1787 313 1865 indiget
328 1805 459 1850 sumere
480 1785 622 1864 aliquam
637 1787 756 1848 lineam
768 1803 839 1846 osse
852 1785 901 1846 in-

116 1865 232 1928 linitum
250 1871 347 1940 actu,
369 1865 423 1930 sod
446 1865 511 1936 iridi
534 1869 565 1928 ει
588 1865 734 1943 accipere
757 1864 900 1942 aliquam

115 1944 228 2008 lineam
250 1945 376 2006 linitam
394 1948 486 2018 actu,
507 1884 532 2008 ἕ
547 1941 614 2023 qud
633 1944 735 2023 possit
754 1943 900 2012 subtrahi

116 2029 266 2102 quantum
289 2041 421 2086 necesse
441 2027 505 2100 est,
527 2028 559 2086 et
578 2024 664 2088 itanc
685 2023 830 2085 nominat
854 2021 900 2084 li-

117 2119 203 2164 ncam
217 2102 390 2166 infinitam.
507 2151 515 2168 ,

150 2182 194 2245 itii
208 2181 389 2246 secundum
403 2179 684 2259 dicendumqudd
697 2178 772 2242 licdt
786 2178 901 2245 inlini-

116 2263 176 2322 tuui
189 2279 255 2322 uon
272 2262 437 2329 sitcontra
449 2261 608 2324 rationem
621 2259 849 2339 magnitudinis
866 2260 900 2332 in

116 2341 289 2411 communi,
304 2345 353 2402 εει
372 2344 479 2402 tamen
493 2343 605 2402 contra
620 2339 778 2400 rationem
793 2339 900 2417 cujus·

116 2417 185 2480 llbct
204 2419 325 2498 speciei
348 2419 439 2497 ejus,
461 2419 585 2482 scilicet
605 2421 717 2480 contra
741 2417 900 2480 rationein

116 2497 339 2577 magnitudinis
365 2499 533 2572 bicubita,
556 2497 608 2560 vel
631 2496 806 2570 tricubita,
831 2497 900 2560 sive

116 2577 289 2652 circularis,
305 2577 356 2642 vel
368 2577 589 2658 triangularis,
605 2579 637 2638 et
650 2575 816 2638 similium.
828 2575 899 2637 Non

116 2659 214 2718 autem
236 2663 287 2719 εει
301 2657 454 2735 possibile
478 2657 511 2720 iii
534 2673 651 2736 genere
671 2673 742 2718 esse
756 2654 843 2732 quoti
865 2655 899 2716 in

116 2733 197 2798 nulla
219 2737 328 2814 specie
345 2740 412 2809 est;
427 2735 510 2798 anile
523 2752 588 2796 non
602 2739 650 2796 est
660 2733 814 2813 possibile
827 2751 898 2795 esse

116 2813 249 2906 aliquam
261 2815 517 2908 magnitudinem
531 2813 705 2906 infinitam,
720 2809 793 2874 oiim
807 2813 899 2878 nulle

116 2891 795 3050 coenantiumelil-ir„
810 2969 898 3064 ,n

115 3051 258 3116 convenit
273 3051 468 3130 quantitati,
493 3055 531 3114 ut
548 3051 669 3112 dictum
692 3053 741 3114 est
768 3054 860 3112 artic.
880 3049 896 3109 1

115 3129 202 3212 liujus
218 3134 334 3210 quaest.
355 3131 396 3194 ed
411 3131 449 3207 ι,
463 3149 498 3194 ie
512 3133 599 3194 tenet
620 3148 662 3192 ex
680 3132 772 3209 parte
797 3132 898 3192 mete·

115 3210 181 3284 ria;
199 3227 259 3288 per
276 3211 468 3278 divisionem
489 3213 597 3275 autem
616 3209 714 3270 totius
736 3207 898 3270 acceditur

115 3288 149 3352 ad
160 3291 339 3364 materiam,
354 3307 428 3352 nam
439 3293 546 3368 partes
559 3305 594 3350 se
604 3286 763 3350 babentin
773 3289 897 3350 ratione

115 3369 246 3432 materiis
259 3391 267 3440 ι
283 3387 343 3448 per
355 3369 548 3434 additionem
560 3371 669 3430 autem
682 3365 845 3430 acceditur
856 3365 896 3432 ad

114 3451 206 3510 totum
220 3447 284 3528 (l),
298 3448 386 3527 quoii
405 3466 439 3512 se
456 3448 554 3510 babet
573 3446 607 3507 iii
625 3446 751 3512 ratione
768 3443 894 3520 tormer

116 3525 219 3589 etidcil
234 3543 301 3591 nen
317 3528 481 3595 invenitur
500 3525 662 3589 inlinitum
682 3525 715 3586 in
734 3523 896 3591 additione

115 3600 804 3764 ulldlllitiltlllllu*atillo
817 3683 880 3744 em

114 3761 750 3842 pusnousuntsecundiimtotumiuactu,
761 3761 895 3828 sedeun-

114 3842 243 3916 oessiiie;
259 3844 346 3910 unde
364 3844 484 3907 babent
506 3842 682 3922 potentiam
702 3841 894 3921 permixtam

115 3923 201 3983 actui.
215 3922 277 3984 Sed
293 3939 346 3986 ma
369 3921 480 3986 nitudo
493 3925 542 3984 εει
556 3926 623 3986 tota
636 3921 669 3986 in
681 3926 772 3994 octu;
784 3924 815 3985 ει
824 3919 894 3982 loeo

114 3999 266 4064 inlinitum
274 3941 368 4080 quod
368 4001 517 4066 convenit
525 4000 750 4079 quantitati,ct
762 4017 796 4062 se
810 4001 897 4061 tenet

114 4079 896 4236 tildlatttlaitllulttailliatae·

189 4205 199 4235 t

114 4237 156 4300 tiis
169 4259 177 4313 ς
190 4259 262 4304 εεεε
272 4241 361 4303 ειιιιιι
374 4237 562 4318 inpotentia
575 4237 726 4301 convenit
739 4236 892 4300 materie.

114 4359 287 4422 laricanus
301 4377 345 4422 iv.
360 4395 398 4404 -
414 4357 528 4422 Utrum
537 4358 641 4440 possit
658 4375 718 4418 csse
735 4357 768 4418 ιιι
795 4357 896 4418 iii'tuoi

145 4439 178 4499 iii
189 4438 282 4501 rebus
295 4434 462 4501 secundolae
473 4437 756 4499 multitudinem-
779 4437 807 4505 1,
819 4436 893 4498 dist.

145 4515 193 4586 ta,
229 4518 480 4586 u.l,ort.lud
500 4515 535 4585 il,
558 4515 893 4595 et2,di'it.1,qu.1,

148 4605 206 4659 ort.
244 4597 372 4672 ,od1'1,
394 4594 734 4676 revelaremus.
756 4595 892 4668 noue,

149 4676 269 4757 etquol.
284 4676 315 4742 2.
331 4676 425 4754 artic.
438 4675 469 4743 2,
486 4676 609 4756 etquol.
620 4673 658 4744 5,
669 4681 730 4739 art.
750 4675 778 4742 1,
792 4691 892 4756 corp„

150 4763 176 4816 et
187 4755 273 4837 quot.
291 4755 347 4823 12,
364 4755 457 4818 artic.
472 4753 524 4836 2.)

149 4879 370 4958 aequalium
401 4879 447 4941 sic
470 4877 665 4957 proceditur.
696 4877 725 4938 1.
760 4873 895 4937 Videtur

117 4957 191 5035 quod
204 4959 359 5038 possibile
373 4958 415 5020 sit
432 4975 504 5021 esse
520 4955 757 5019 multitudinem
779 4954 894 5016 inlini-

116 5039 173 5098 loni
184 5035 360 5101 secundum
372 5041 490 5101 actum.
505 5037 575 5098 Non
589 5036 674 5098 enim
697 5039 746 5096 est
767 5033 895 5111 impos-

117 5117 216 5192 sibile,
240 5119 271 5178 io
295 5117 383 5196 quod
403 5120 452 5180 est
478 5117 512 5178 iii
539 5113 698 5194 potentia,
719 5113 828 5175 reduci
853 5112 894 5174 ad

117 5196 452 5259 ailumSednumcrus
466 5196 557 5258 estin
573 5193 732 5256 inlinitum
741 5192 895 5269 multipli-

116 5276 228 5338 cabilis.
241 5277 328 5356 Ergo
346 5293 412 5336 nou
425 5280 475 5336 est
486 5273 684 5351 impossibile
698 5289 769 5335 esse
782 5271 894 5332 multi-

117 5354 246 5416 tudinem
259 5354 417 5417 infinitam
431 5355 464 5415 in
478 5358 564 5416 actu.

149 5433 557 5514 a.1³ieterea,cujusliliet
587 5431 705 5510 speciei
741 5429 894 5508 possibile

116 5515 235 5576 estesse
246 5513 378 5592 aliquod
392 5513 592 5575 individuum
606 5513 638 5572 iii
652 5515 736 5573 actu.
751 5509 809 5570 Sed
822 5527 893 5586 spe·
910 5513 916 5532 ’

116 5592 292 5674 uestigare
306 5593 537 5667 suntinlinitae.
563 5593 648 5672 Ergo
669 5588 824 5670 possibile
845 5592 894 5652 cst

114 5687 178 5735 esse
190 5673 331 5736 infinitas
346 5671 466 5754 ligures
482 5673 515 5734 in
528 5675 613 5734 actu.

115 5807 396 5965 ἐιιιὲωιιιιιιιοιιιιιιε
410 5835 450 5892 ιιι
464 5843 553 5908 totuin,
573 5834 710 5892 semodios
725 5831 793 5914 qiud
803 5847 832 5889 ει
847 5829 896 5893 hv

150 5945 157 5976 ι

1696 406 1748 465 ult

962 591 969 608 .
999 514 1030 608 3:
1046 515 1223 614 Praeterea,
1236 539 1275 586 ea
1296 537 1368 662 Ἆιιε
1389 538 1460 615 non.
1475 523 1684 614 opponuntur
1707 521 1748 584 ad

959 611 1117 670 invicem,
1134 614 1201 660 non
1214 619 1298 682 impe
1321 602 1392 676 iunt
1403 620 1438 664 se
1452 619 1600 667 invicem.
1616 601 1675 664 Sed
1689 617 1748 680 pus
1767 635 1774 642 ·

952 673 1020 743 ,ειιει
1034 673 1143 753 aliqud
1166 681 1370 745 multitudine
1390 699 1517 756 reruni,
1533 680 1639 746 adbuc
1662 697 1746 762 pos-

957 757 1033 816 sunt
1046 753 1115 817 ticri
1130 755 1196 820 alia
1210 761 1324 834 multa,
1340 778 1411 840 que
1426 760 1472 822 eis
1492 777 1558 838 non
1577 775 1747 854 opponam

957 836 1020 924 tur.
1033 833 1119 914 Ergo
1132 853 1197 901 nou
1212 844 1260 905 est
1278 840 1476 920 impossibile
1495 839 1607 930 aliqua
1627 835 1745 914 littri'fflt

956 913 1053 1005 simul
1065 933 1136 1005 esse
1148 934 1221 978 cum
1233 919 1297 994 cis,
1313 925 1344 982 ct
1358 920 1404 986 sie
1418 919 1451 984 in
1467 917 1644 996 inlinitum
1665 935 1744 1000 ergo

955 993 1108 1069 possibile
1123 999 1172 1056 est
1187 1016 1257 1060 esse
1272 997 1397 1060 infinita
1412 999 1444 1059 iii
1459 1003 1544 1061 actu.

996 1071 1055 1164 Sed
1067 1077 1179 1164 centra
1203 1077 1351 1156 estquod
1370 1077 1485 1145 dicitur
1505 1077 1580 1166 Sap,
1602 1077 1660 1150 11,
1679 1076 1743 1150 21:

956 1149 1069 1290 Omigiu
1081 1155 1274 1234 inpendere,
1288 1175 1414 1220 numero
1429 1164 1457 1220 ει
1467 1155 1611 1226 mauturd
1629 1155 1745 1242 dispo-s

954 1247 1019 1294 suu
1036 1247 1058 1292 i.

994 1311 1183 1403 llcspondeo
1196 1313 1365 1380 dicendum
1386 1313 1473 1396 qubd
1494 1315 1579 1380 circa
1602 1314 1664 1378 lioc
1685 1313 1746 1393 luit

955 1387 1073 1466 duplex
1086 1393 1206 1469 opinio.
1222 1393 1357 1468 Quidam
1372 1395 1469 1470 enirn,
1483 1394 1566 1460 sicut
1580 1395 1721 1457 Avicenn

954 1468 1140 1562 etblgaeel,
1161 1471 1332 1550 dixerunt,
1353 1492 1451 1566 super
1470 1473 1489 1534 3
1515 1473 1634 1554 Phys,
1656 1409 1744 1564 qued

954 1549 1152 1625 impossibile
1166 1555 1296 1615 estesse
1314 1552 1553 1615 multitudinem
1572 1555 1647 1615 actu
1665 1551 1745 1614 inii«

954 1626 1178 1716 attemperes,
1193 1631 1247 1692 sed
1261 1631 1419 1696 infinitam
1432 1649 1488 1712 per
1502 1631 1648 1695 accidens
1662 1629 1745 1692 mul-

954 1705 1121 1770 titudinem
1136 1726 1208 1770 csse
1229 1727 1294 1771 non
1315 1715 1363 1774 est
1382 1709 1593 1790 impossibile.
1619 1709 1745 1776 Dicitur

954 1785 1039 1844 enim
1052 1785 1222 1849 multitudo
1235 1807 1306 1852 esse
1321 1789 1446 1855 infinita
1467 1805 1592 1868 perse,
1612 1788 1745 1866 quando
1764 1785 1767 1792 ’

953 1863 1538 2011 illidatlllldlttalllll
1547 1866 1742 2011 {indidi

951 2025 1001 2109 ret
1011 2021 1097 2098 qubd
1110 1964 1232 2102 aliqgiil
1245 1992 1436 2104 dependeret
1445 1967 1485 2091 ἓιι
1499 1964 1741 2098 infinitisfende

953 2115 1022 2177 epus
1038 2103 1204 2178 generatio
1224 2101 1392 2182 nunquam
1415 2106 1648 2184 compleretur,
1669 2099 1742 2164 ciiiu

953 2195 1018 2240 non
1031 2181 1073 2240 sit
1084 2179 1209 2243 inlinite
1224 2185 1432 2260 pertransire.
1466 2190 1469 2196 “

992 2259 1051 2319 Per
1063 2259 1210 2322 accidens
1224 2265 1331 2323 autem
1346 2261 1463 2324 dicitur
1483 2259 1654 2322 multitudo
1668 2258 1741 2320 inli-

952 2335 1033 2409 uita,
1043 2337 1174 2414 quaudo
1187 2357 1253 2402 non
1266 2359 1302 2402 re
1325 2341 1444 2405 uiritur
1453 2339 1492 2407 ad
1500 2338 1621 2418 aliquid
1634 2338 1741 2408 intini-

952 2418 1000 2478 tos
1017 2417 1250 2494 multitudinis,
1267 2359 1323 2482 sed

951 2494 997 2560 sic
1012 2494 1210 2560 manifestari
1226 2503 1331 2577 potest
1344 2499 1378 2560 in
1393 2499 1580 2578 operatione
1592 2495 1686 2574 labii,
1701 2493 1742 2563 ad

951 2591 1051 2652 quain
1065 2575 1212 2653 quedam
1225 2577 1396 2644 multitudo
1416 2577 1594 2657 requiritur
1606 2593 1664 2654 per
1685 2592 1741 2652 ie,

952 2652 1075 2721 scilicet
1088 2654 1226 2732 qubdsit
1238 2671 1292 2720 ars
1307 2657 1342 2718 in
1354 2656 1480 2732 anima,
1496 2660 1528 2723 et
1546 2672 1661 2718 manus
1673 2669 1742 2716 moa

952 2748 1049 2806 rens,
1068 2737 1099 2794 et
1122 2734 1311 2810 martellus;
1331 2741 1363 2800 et
1386 2737 1413 2800 si
1436 2736 1505 2800 hoec
1526 2735 1559 2801 in
1579 2733 1741 2801 inanitum

951 2811 1262 2890 multiplicarentur,
1300 2813 1469 2894 nunquam
1502 2831 1585 2893 opus
1624 2809 1740 2877 fabrile

951 2891 1181 2968 compleretur,
1212 2893 1291 2971 quia
1320 2893 1512 2973 dependeret
1540 2910 1581 2956 ex
1606 2891 1739 2954 infinitis

951 2969 1068 3034 causis.
1082 2969 1142 3032 Sed
1157 2971 1327 3036 multitudo
1347 2972 1588 3046 martellorum,
1601 2987 1674 3048 qun
1686 2985 1739 3039 ao-

950 3047 1025 3113 cidit
1039 3066 1080 3113 ex
1094 3048 1155 3114 boc
1168 3049 1254 3128 qubil
1268 3069 1371 3118 unuin
1383 3052 1553 3132 frangitur,
1568 3049 1603 3114 ot
1617 3047 1740 3128 aecipi-

949 3126 1004 3219 tur
1017 3126 1116 3202 aliud,
1130 3133 1179 3190 est
1192 3131 1362 3194 multitudo
1376 3149 1433 3211 per
1445 3130 1611 3223 accidensr
1625 3127 1740 3191 accidit

949 3206 1741 3364 lliulletlinlllattillarttffalaut

949 3361 1010 3426 bus
1032 3369 1201 3443 operetur,
1218 3367 1270 3434 vel
1289 3367 1445 3444 infinitis,
1470 3368 1499 3430 si
1516 3363 1641 3428 infinito
1657 3367 1741 3428 tem-

948 3458 1027 3519 pore
1055 3449 1255 3522 operaretur.
1289 3447 1350 3511 Por
1372 3448 1459 3510 liunc
1486 3446 1585 3525 igitur
1608 3443 1741 3508 modum

948 3527 1140 3616 posuerunt,
1154 3524 1241 3602 qued
1254 3526 1408 3612 possibile
1421 3531 1470 3590 est
1483 3542 1554 3588 esse
1570 3525 1645 3586 actu
1657 3521 1740 3589 mul«

947 3601 1115 3668 titudinem
1132 3602 1290 3672 infinitam
1304 3623 1362 3683 per
1375 3604 1534 3671 accidens.

988 3679 1047 3741 Sed
1058 3681 1120 3742 hoc
1135 3685 1183 3744 εει
1198 3681 1409 3763 impossibile,
1421 3684 1499 3762 quia
1514 3697 1642 3744 omnem
1656 3678 1739 3749 mule

947 3758 1116 3824 titudinem
1133 3766 1259 3840 eportet
1272 3781 1344 3830 esso
1357 3764 1390 3829 iii
1405 3759 1515 3842 aliqua
1532 3760 1639 3840 specio
1653 3757 1736 3820 mul·

947 3837 1106 3902 titudinis.
1136 3839 1263 3920 Species
1288 3845 1397 3908 autom
1418 3839 1631 3904 multitudinis
1663 3839 1740 3914 suut

948 3913 1125 3984 secundum
1143 3920 1265 3999 speciei
1281 3937 1502 3988 numerorum.
1518 3918 1614 3982 Nulla
1627 3922 1739 3983 autem

948 3997 1070 4074 speeies
1081 3997 1207 4062 numeri
1222 4004 1271 4062 ost
1282 3999 1426 4074 infinita,
1440 3998 1518 4076 quia
1531 3995 1667 4075 quilibet
1677 4011 1738 4060 nus

947 4091 1056 4139 merus
1077 4080 1126 4138 est
1146 4077 1316 4142 multitudo
1338 4081 1524 4144 mensurata
1566 4093 1601 4136 er
1622 4090 1736 4145 unumi

947 4153 1036 4219 Unde
1049 4153 1248 4232 impossibile
1262 4161 1311 4218 εει
1325 4173 1396 4220 εεεε
1409 4094 1645 4221 mutitudinem
1660 4149 1738 4219 iotis

948 4231 1048 4294 uitam
1062 4237 1154 4306 actu,
1177 4235 1314 4313 siveper
1333 4253 1386 4309 se,
1409 4236 1477 4302 sive
1502 4251 1560 4312 per
1575 4229 1736 4304 accident.

948 4310 1026 4372 ltem
1042 4311 1146 4372 omnis
1160 4314 1330 4380 multitudo
1346 4315 1380 4380 ιιι
1396 4331 1506 4379 rerum
1530 4308 1647 4379 natust
1665 4311 1738 4378 exi-

948 4395 1036 4454 stens
1051 4395 1099 4454 est
1113 4397 1231 4466 creata,
1247 4399 1277 4456 et
1289 4409 1383 4460 omno
1398 4399 1542 4456 creatum
1554 4391 1614 4453 sub
1627 4387 1738 4468 aliqud

948 4467 1036 4535 certd
1064 4469 1242 4536 intentione
1271 4471 1409 4538 creantis
1435 4464 1736 4551 comprehenditur,

947 4566 1013 4610 noii
1030 4549 1115 4610 enini
1129 4547 1162 4610 in
1176 4567 1296 4614 venum
1310 4567 1329 4614 a
1353 4569 1409 4618 cue
1423 4549 1555 4628 aliquod
1568 4551 1733 4627 operatur.

947 4628 1036 4693 Unde
1060 4646 1192 4694 necesse
1216 4633 1266 4692 cst
1289 4571 1376 4707 qugd
1400 4631 1461 4698 suli
1483 4633 1571 4693 certo
1600 4643 1737 4692 numero

947 4705 1056 4768 omnia
1069 4712 1176 4769 create
1190 4709 1512 4786 comprehendantur.
1533 4705 1737 4786 impossibile

947 4789 996 4850 εει
1008 4802 1084 4865 ergo
1097 4804 1167 4848 esse
1178 4787 1413 4854 multitudinem
1428 4787 1585 4858 infinitam
1601 4785 1634 4847 in
1648 4788 1734 4858 actu,

948 4865 1044 4929 etiam
1065 4882 1122 4942 per
1145 4866 1303 4928 accidens.
1325 4863 1385 4928 Sed
1406 4883 1477 4930 esse
1497 4863 1736 4928 multitudinem

946 4943 1105 5006 infinitam
1121 4945 1311 5021 inpotentia
1327 4945 1481 5024 possibile
1493 4947 1559 5017 est;
1573 4942 1651 5022 quia
1671 4958 1735 5007 au-

947 5027 1111 5101 gmentum
1134 5023 1347 5088 multitudinis
1371 5024 1581 5102 consequitur
1600 5019 1736 5085 divisio-

947 5119 1020 5162 nem
1042 5101 1269 5180 magnitudinis
1285 5103 1341 5244 81).
1356 5103 1484 5179 Quantb
1507 5103 1592 5172 enim
1613 5097 1735 5176 aliquid

947 5181 1019 5259 plus
1032 5180 1196 5255 dividitur,
1215 5187 1284 5244 tant
1318 5183 1412 5262 plura
1426 5177 1601 5247 secundum
1616 5195 1734 5240 nume-

946 5278 1019 5321 rum
1031 5261 1199 5324 resultent.
1222 5261 1309 5324 Unde
1324 5263 1407 5326 sicut
1420 5261 1581 5324 inlinitum
1603 5257 1736 5320 inveni-

946 5344 1000 5399 tur
1019 5339 1052 5400 in
1069 5339 1211 5416 potentitl
1236 5340 1449 5406 indivisione
1472 5337 1634 5410 continui,
1657 5335 1735 5414 quia

946 5417 1129 5497 proceditur
1146 5419 1184 5482 ad
1201 5421 1385 5494 materiam,
1403 5424 1552 5497 utsupra
1568 5421 1734 5479 ostensum

946 5500 996 5558 est
1012 5502 1072 5558 nrt.
1089 5497 1223 5576 preced.
1238 5543 1246 5573 ,
1264 5499 1376 5562 eadem
1393 5498 1519 5560 ratione
1536 5496 1634 5558 ctiam
1659 5493 1736 5556 inti-.

945 5579 1049 5718 ξιιιιιάιιι
1062 5577 1225 5640 invenitur
1235 5577 1269 5640 in
1281 5575 1425 5657 potentii
1437 5577 1470 5641 in
1482 5573 1643 5640 additione
1652 5573 1736 5638 mul·

961 5656 1007 5718 itu
1029 5656 1102 5718 inis.

986 5736 1034 5802 itii
1056 5736 1195 5814 primum
1216 5751 1293 5817 ergo
1309 5733 1477 5804 dicendum
1500 5730 1587 5816 quot
1610 5749 1736 5802 mame
1758 5809 1765 5823 1

982 5899 1270 5988 protenduntur.

1336 2420 1450 2483 accidit
1470 2421 1608 2482 itaesse.
1622 2417 1662 2478 Et
1681 2417 1743 2485 tioc
1820 2441 1822 2450 v
