4002 6346
79 330 130 396 tir
362 303 370 320 “
618 317 637 342 “
746 325 879 398 ouesr.
899 327 958 387 xi.
980 325 1024 386 or
1042 325 1140 387 ionis
1425 343 1430 352 ·
1668 329 1720 393 cos

79 449 161 524 clus,
190 447 261 592 ser
280 453 332 527 ¹est
351 449 453 514 riuus
477 445 583 512 tuso
605 463 665 526 per
686 444 882 522 intellectum
935 438 954 504 d
980 441 1147 522 principali
1175 447 1289 529 agente
1310 444 1392 506 sicu
1418 443 1497 511 ordo
1516 445 1676 510 exercitis
1700 445 1722 514 l

79 535 200 616 agente
216 529 229 612 t
243 517 430 672 2‚''ntinlrli
444 527 574 608 patebit,
586 523 763 620 quaestip,
778 522 839 586 art.¹
850 523 881 598 6,
935 521 1025 583 duce.
1040 519 1121 584 iliud
1134 527 1240 584 autem
1250 523 1335 604 quod
1350 526 1562 608 estoptimum
1573 528 1607 588 in
1622 519 1720 613 rebus

79 601 246 674 necesse*
269 616 303 674 sl'
317 609 404 690 qndd
422 609 455 669 iii
470 610 574 670 mente
588 602 700 686 ¹diuini
717 609 761 666 'sit
774 604 884 668 'lorma
936 601 1142 684 epislensesl
1158 603 1277 666 bonum
1293 603 1412 666 ordinis
1423 595 1622 686 uniuersum
1635 612 1722 686 patet

80 692 118 755 dd
131 675 394 754 similitudinem
408 675 498 768 cujus
511 675 832 771 mundusestnii'ictus.
845 683 885 744 at
937 695 994 758 por
1014 681 1246 760 Philosophum
1270 682 1302 742 in
1331 683 1369 744 la
1388 683 1542 768 Metapa„
1568 691 1646 748 text.
1668 685 1718 746 52.

80 761 560 848 inlioc'consistit'ratioideae.
616 757 624 781 ¹
791 771 795 778 '
936 759 1286 844 Ordoigituruniicrsi
1302 767 1351 824 est
1384 762 1722 846 ropriddlleointen·

118 850 171 912 Λᾶ·
187 851 343 929 primum
353 853 431 928 'ergo
441 845 608 910 dicendum
619 844 703 924 qudd
719 845 805 906 Deus
818 859 884 906 non
935 845 1008 938 tus,
1031 846 1061 902 et
1080 859 1145 902 non
1155 859 1218 980 per
1228 781 1382 904 θεςίιΙεηξ
1394 844 1584 922 proveniens
1599 863 1723 907 secun-

82 930 242 1010 intelligit
268 948 322 992 res
341 928 517 1007 secundnm
535 926 638 987 ideam
656 929 747 986 extra
766 941 800 985 se
813 921 887 984 cii-
936 920 1153 998 dumsucress
1168 937 1263 982 onem
1284 922 1463 1000 agentium
1483 929 1578 1006 prout
1592 924 1722 1002 quidam

81 1015 227 1070 stentein
243 1031 254 1083 3
269 1012 303 1072 'ct
319 1009 364 1070 sic
376 1009 470 1072 eliam
485 1004 681 1074 Aristoteles,
695 1004 753 1064 lib.
780 1002 799 1062 3
817 1003 886 1062 llo-
937 999 1085 1089 dixrpunt
1097 999 1181 1078 quiid
1193 1001 1278 1062 Deus
1300 1002 1419 1064 creavit
1433 1003 1569 1083 primum
1580 1009 1723 1066 creatum

81 1089 185 1168 rapu,
202 1086 336 1152 tl'texl.
361 1088 399 1150 ld
417 1080 886 1164 usqueadlin.iiol,improliat
937 1083 1083 1152 tantum,
1113 1079 1198 1158 quod
1227 1085 1369 1142 creatum
1399 1083 1518 1144 erravit
1547 1083 1723 1144 secundum

82 1170 285 1247 opinionem
296 1159 439 1230 Platonis
450 1167 488 1228 de
500 1165 577 1226 ideis
587 1171 598 1238 ’,
615 1153 788 1258 scdqudiim
801 1159 886 1248 quod
938 1164 1096 1229 creatum,
1112 1162 1142 1220 ct
1156 1159 1202 1220 sio
1216 1159 1300 1230 inde,
1316 1160 1486 1244 quousque
1507 1162 1660 1240 producta
1675 1165 1723 1225 est

82 1241 702 1330 ponebateas‘pepsc'exislcntesmonin
710 1241 884 1322 intellectu.
938 1242 1026 1299 tanta
1041 1255 1149 1300 rerum
1164 1238 1332 1302 multitudo
1342 1261 1350 1313 3
1362 1240 1536 1302 secundum
1546 1235 1722 1320 quam'opl-

120 1327 170 1389 ,ld
196 1312 676 1402 secundum'dlcendumqudd
701 1313 885 1383 licaiacus
939 1317 1068 1378 nionom
1082 1318 1166 1379 Deus
1183 1335 1247 1378 non
1269 1320 1402 1381 haberet
1426 1321 1486 1402 nisi
1510 1320 1612 1382 ideam
1626 1319 1721 1399 primi
1809 1367 1811 1372 .

82 1395 450 1488 peresseniiam's'uam
465 1404 618 1466 socialia
633 1403 888 1484 cognoscut‚ta-
939 1397 1048 1458 creati.
1072 1397 1129 1458 Sed
1151 1399 1177 1458 si
1195 1397 1264 1475 ipse
1285 1399 1364 1460 ordo
1384 1399 1527 1462 universi
1542 1407 1590 1460 cst
1609 1415 1666 1478 per
1688 1418 1722 1461 se

85 1505 156 1549 men
169 1489 328 1550 essentia
340 1486 409 1566 ejus
420 1488 467 1546 est
480 1483 673 1564 principium
687 1480 887 1559 operativum
939 1482 1064 1538 creatus
1085 1477 1125 1538 ab
1148 1494 1197 1548 eo,
1219 1481 1249 1538 et
1270 1479 1409 1540 intentus
1432 1480 1473 1540 ab
1495 1479 1578 1557 ipso,
1593 1495 1724 1542 necesse

84 1569 257 1640 aliorum,
278 1584 347 1627 non
361 1569 470 1641 ⁴autem
493 1563 543 1625 sul
563 1563 680 1641 ipsius3
701 1559 772 1622 ided
792 1559 889 1622 habet
940 1555 1205 1634 estquddhabeat
1218 1555 1322 1618 ideam
1335 1557 1455 1620 ordinis
1468 1553 1723 1620 universillatio

84 1648 256 1708 rationein
272 1641 557 1720 ide'ae;'sccundiim
594 1641 657 1704 uod
671 1628 709 1702 ad
723 1640 785 1702 alia
803 1655 888 1700 com·
939 1634 1046 1696 autam
1058 1635 1193 1714 alicujus
1207 1635 1303 1696 totius
1319 1637 1430 1698 haberi
1446 1653 1511 1698 non
1526 1644 1646 1712 potest,
1661 1637 1723 1700 nisi

87 1731 243 1804 paratur,
260 1731 361 1800 nepa
387 1726 452 1798 lapi
471 1661 645 1784 secunddm
658 1718 744 1798 qudd
757 1733 889 1797 compa·
939 1713 1121 1776 habeantur
1133 1715 1419 1796 propriaratlionos
1432 1733 1543 1803 eorum
1555 1717 1723 1800 exquibus

85 1809 177 1867 ratur
193 1805 241 1867 ad
256 1803 369 1884 ipsiui'n
409 1803 493 1876 oiim.
548 1805 551 1816 '
940 1797 1041 1855 totum
1054 1793 1276 1872 constituitur3
1297 1795 1378 1855 sicut
1398 1793 1570 1862 {edificator
1587 1797 1724 1874 speciem

127 1886 173 1946 ad
186 1885 328 1946 te‘rtitim
344 1867 600 1960 dic'endu‘mqudd
614 1881 699 1942 Deus
715 1873 889 1940 secundum
940 1869 1052 1934 domiis
1067 1874 1234 1951 concipere
1247 1891 1312 1934 non
1327 1879 1445 1951 posset,
1455 1875 1516 1934 nisi
1525 1876 1608 1952 apud
1618 1876 1723 1952 ipsum

89 1955 386 2026 essentiam's'da'm
410 1964 458 2024 cst
477 1953 650 2022 similitudo
672 1957 815 2020 omnium
836 1974 891 2016 rc-
941 1957 1025 2012 esset
1045 1953 1175 2030 propria
1197 1952 1279 2014 ratio
1303 1952 1473 2014 cu'uslibet
1488 1955 1627 2032 partium
1641 1953 1721 2034 rrius.

89 2049 173 2106 rum.
187 2043 290 2106 Uii'de
308 2028 379 2104 idea
401 2035 433 2102 in
453 2041 520 2102 Deo
538 2039 620 2134 pilii}
633 2041 681 2100 est
693 2037 777 2098 aliud
792 2033 890 2113 qudni
941 2025 991 2092 sio
1012 2031 1110 2110 igitur
1129 2035 1253 2110 oportet
1265 1971 1353 2112 quod

91 2124 145 2186 pei
161 2123 343 2185 essequa?
400 2127 405 2136 ·
942 2113 1079 2204 proprias
1094 2111 1235 2206 rationes
1248 2112 1392 2175 omnium
1406 2129 1527 2172 rorum.
1543 2109 1631 2175 Unde
1651 2112 1726 2174 dicit

94 2209 287 2339 sinouse
300 2262 339 2340 n·
359 2277 396 2288 -
411 2217 526 2322 uiuo
545 2239 609 2317 rr
626 2239 735 2320 ruo
751 2235 836 2307 aar·
853 2271 887 2280 -
941 2189 1726 2350 luiticis:uitiauit-itriiiiliii

129 2327 175 2404 (lu
201 2326 286 2392 dwl-
306 2322 366 2400 36,
388 2328 495 2402 quest.
510 2319 550 2393 22
572 2325 635 2391 pri.
676 2362 683 2391 2
707 2324 734 2387 ll
756 2317 772 2380 1
792 2325 889 2384 ‘m'
944 2356 1141 2409 creiitosunt.
1155 2347 1244 2410 Unde
1257 2350 1403 2428 sequitur
1419 2347 1502 2428 quod
1515 2351 1548 2410 in
1563 2355 1667 2412 mente
1680 2350 1727 2412 di·

132 2424 205 2488 eap·
223 2397 283 2473 54·
306 2411 334 2482 ‘l
360 2403 431 2478 Vis·
449 2407 557 2482 dimi·
570 2394 603 2472 3³
614 2405 678 2478 W·
693 2381 724 2471 ῥ’
738 2405 766 2476 ed
782 2415 889 2478 Μεθ’
943 2427 1017 2494 vind
1030 2428 1093 2490 sint
1108 2429 1215 2506 plures
1231 2427 1318 2490 idria.

133 2485 164 2558 9,
181 2503 261 2565 sar·
279 2481 344 2563 ili
982 2507 1176 2568 uocantem
1204 2507 1365 2644 quomodo
1390 2506 1505 2570 aivins
1533 2508 1725 2586 simplicitati

134 2585 182 2646 Μ
210 2583 396 2660 secundum
421 2581 468 2644 ⁸5⁰
491 2579 684 2658 proceditur.
709 2579 737 2640 l.
761 2579 893 2640 Videtur
944 2601 1058 2652 nourr
1082 2591 1190 2664 ugnet,
1217 2586 1297 2648 acilo
1309 2585 1485 2658 osiridem,
1502 2588 1528 2648 si
1541 2587 1612 2666 quis
1624 2588 1729 2648 consi·
1809 2647 1813 2652 .

99 2663 180 2741 quod
193 2681 268 2728 non
283 2663 348 2747 sint
362 2661 470 2739 plures
483 2660 572 2722 idoae.
585 2658 658 2720 Idea
675 2660 759 2754 enim
779 2659 812 2719 in
824 2657 891 2718 Deo
944 2663 1031 2726 deret
1045 2603 1147 2726 ideam
1168 2665 1290 2742 operati
1304 2683 1374 2726 esse
1398 2666 1431 2725 in
1445 2671 1549 2726 monte
1564 2666 1727 2743 operantis

99 2747 143 2803 eal
163 2741 239 2822 eills
266 2741 417 2803 essendi·
437 2739 497 2812 Sed
517 2739 657 2800 essentia
675 2739 733 2799 Dei
756 2740 804 2800 esi
826 2753 892 2799 una
944 2745 1026 2806 sicut
1040 2742 1125 2820 quod
1140 2743 1339 2821 intelligitur,
1353 2761 1417 2804 non
1433 2750 1539 2804 alitem
1555 2745 1637 2806 sicut
1649 2763 1729 2823 spc-

100 2820 239 2884 tantdm.
257 2815 623 2918 Ergoel‘idea'estuna.
658 2895 665 2911 ·
712 2895 718 2909 .
945 2822 1008 2884 cies
1021 2821 1087 2900 qud
1102 2822 1308 2904 intelligitur,
1357 2823 1583 2886 uuesllorma
1605 2824 1727 2886 lactens

136 2897 166 2959 l.
181 2899 455 2971 praesessionis
469 2897 540 2959 idea
555 2901 603 2958 est
617 2897 810 2976 principium
832 2913 894 2956 co-
945 2901 1141 2964 lntellectum
1164 2901 1197 2962 in
1207 2907 1304 2964 'actu
1327 2841 1443 2967 §orma
1469 2903 1554 2962 inim
1567 2902 1679 2964 domnis
1694 2903 1727 2962 in

102 2979 278 3118 {inscendi
302 2983 334 3040 et
352 2976 521 3056 operandi,
533 2978 577 3038 ita
603 2993 655 3036 urs
675 2980 709 3038 et
722 2974 891 3054 sapientia.
944 2985 1050 3042 mente
1063 2977 1260 3042 aeililicatorls
1277 2977 1333 3042 est'
1345 2979 1465 3057 aliquid
1489 2983 1529 3047 ab
1543 2999 1581 3042 eo
1597 2981 1729 3042 intolle-

123 3061 205 3121 edin
220 3061 293 3120 Deo
312 3075 376 3118 non
390 3060 465 3118 sunt
480 3057 588 3135 plures
601 3059 687 3118 artes
707 3060 738 3118 el
758 3055 894 3132 sapien·
945 3063 1042 3126 ctum,
1055 3059 1094 3120 ad
1110 3058 1201 3138 cujus
1215 3059 1453 3120 similitudinem
1468 3059 1596 3120 domum
1611 3060 1643 3122 in
1657 3077 1729 3122 ma-

103 3138 160 3200 tie.
171 3139 264 3218 Ergo
277 3137 454 3214 necplures
469 3135 556 3197 idco.
725 3135 728 3146 '
944 3137 1247 3200 laridiormat.Non
1264 3140 1632 3200 estautemconlrasim
1671 3139 1731 3200 'ci-

140 3218 168 3277 3.
180 3219 213 3280 Si
232 3217 361 3278 dicitur
375 3214 460 3294 quod
474 3214 552 3276 ideae
567 3214 822 3294 multiplicantur
836 3231 894 3274 se·
944 3217 1148 3278 latemdivini
1161 3215 1338 3278 intellertds
1347 3217 1432 3294 quiid
1442 3217 1631 3285 multa'intcl
1646 3221 1728 3298 igat3

106 3293 246 3359 cundum
274 3299 439 3372 respectus
468 3294 506 3356 ad
539 3295 681 3356 diversus
707 3297 891 3362 creaturam
946 3296 1000 3358 scd
1023 3302 1134 3357 contra
1161 3296 1397 3388 simplicitatem
1423 3296 1493 3374 ejus
1506 3302 1607 3368 esset,
1624 3297 1649 3358 s'i
1672 3313 1731 3376 per

106 3382 213 3448 coqtra
232 3373 423 3454 :pluralitas
438 3373 582 3435 idearum
596 3376 644 3433 ost
659 3376 699 3435 ab
712 3371 842 3434 diteriio.
861 3372 892 3432 si
945 3377 1053 3454 plures
1066 3374 1188 3452 specics
1203 3391 1272 3452 ejus
1287 3375 1466 3436 intellectus
1479 3375 1682 3436 lormaretur.

108 3471 177 3533 ergo
199 3455 284 3517 idere
306 3455 381 3514 sunl
396 3453 516 3530 plures,
531 3456 686 3518 creature
699 3456 804 3517 autem
819 3455 895 3512 sunt
983 3445 1071 3515 Unde
1084 3454 1191 3531 plures
1208 3453 1283 3514 ideca
1301 3458 1375 3514 sunt
1394 3454 1428 3514 in
1448 3457 1553 3516 mente
1573 3453 1680 3518 divini
1694 3458 1731 3516 ut

107 3533 582 3616 temporales‚ergotcmp0rale
595 3532 758 3595 eritrausa
771 3531 891 3593 aeterni.
945 3532 1111 3596 intellecta
1133 3535 1173 3594 ab
1194 3531 1281 3610 ipsa,
1311 3532 1397 3610 quod
1419 3533 1481 3595 lio'o
1506 3533 1599 3595 modo
1627 3539 1731 3612 potest

143 3611 171 3672 li.
185 3609 360 3684 Praeterea,
371 3614 536 3690 respectus
551 3613 602 3672 isti
617 3615 672 3673 aut
685 3609 760 3672 suiit
772 3627 894 3671 secun·
944 3612 1063 3675 videri:
1081 3612 1150 3690 ipse
1174 3613 1258 3673 euim
1285 3613 1458 3682 essentiam
1483 3629 1575 3674 suam
1595 3611 1731 3692 perlecti

109 3688 177 3753 liam
191 3711 264 3756 rem
286 3689 319 3752 in
340 3691 495 3762 creatricis
517 3689 657 3761 tantini,
675 3694 731 3752 aut
750 3691 846 3762 otiam
859 3690 893 3750 in
945 3692 1123 3769 cognoscin
1151 3691 1428 3771 unde.cogn0scit
1455 3707 1526 3754 eam
1555 3690 1729 3756 secunddm

108 3769 180 3831 ltro.
205 3772 239 3833 Si
261 3769 471 3832 mercaturis
493 3769 629 3840 tantiam,
643 3769 716 3830 crim
738 3773 894 3834 creature
946 3787 1071 3832 omnem
1086 3771 1212 3831 modum
1226 3787 1292 3848 quo
1307 3771 1530 3850 cognoscibilis
1544 3775 1602 3831 cst.
1625 3773 1731 3833 Potest

111 3865 168 3911 non
188 3852 258 3912 sint
270 3851 312 3910 ab
326 3856 457 3920 aeterno,
473 3849 639 3926 pluralitas
660 3847 804 3910 idearum
827 3867 893 3909 non
944 3855 1051 3912 autem
1073 3851 1222 3929 cognosci
1245 3867 1307 3910 non
1331 3847 1434 3910 solum
1448 3847 1623 3910 sccundiim
1645 3850 1731 3928 qudd

110 3929 165 3990 erit
179 3931 224 3993 ab
244 3933 384 4002 aeterno,
404 3927 430 3989 si
452 3929 704 4005 multiplicentur
716 3925 819 3988 s'oliim
835 3945 894 3988 se-
946 3923 978 3990 in
994 3949 1027 3990 sc
1040 3931 1105 4000 est,
1122 3927 1176 3988 sed
1201 3924 1376 3996 secundum
1392 3927 1476 4006 qudd
1492 3932 1540 3990 est
1551 3931 1732 4008 participa-¹

114 4008 247 4071 cundum
266 4007 452 4086 huJusmodi
467 4011 642 4085 respectus.
657 4006 687 4066 Si
702 4012 808 4067 autom
824 4025 894 4068 rea·
946 4009 1016 4071 bilis
1028 4005 1201 4068 secundina
1216 4007 1356 4082 aliquem
1368 4006 1496 4068 modum
1514 4007 1730 4072 similitudinis

113 4083 178 4149 liter
200 4091 280 4150 sunt
303 4087 336 4146 in
359 4087 438 4173 Deo,
465 4087 612 4176 pequitpr
635 4085 719 4182 quod
733 4085 796 4146 alia
815 4086 893 4162 plu-
945 4085 1145 4148 aeneatoris.
1165 4086 1371 4162 Unaquaeque
1386 4087 1493 4146 aulem
1508 4095 1655 4148 creatura
1670 4087 1733 4148 ha-

113 4165 217 4250 ralitas
249 4166 346 4257 reqlip
376 4163 417 4243 sit
445 4166 478 4254 ip
498 4155 586 4236 'D'eo'
604 4182 700 4243 quam
725 4165 892 4242 pluralitas
945 4167 996 4227 bct
1008 4165 1170 4242 propriam
1184 4163 1321 4240 speciem
1334 4161 1507 4224 secundiani
1521 4165 1605 4242 qudd
1621 4165 1731 4258 aliquo

113 4243 343 4380 personarum}
360 4243 445 4322 quod
464 4248 512 4304 csl
531 4249 639 4304 contra
659 4243 893 4321 Damascrnum
945 4243 1038 4308 modo
1063 4242 1232 4320 participat
1252 4241 1366 4309 divinia
1386 4243 1531 4306 assentire
1548 4243 1733 4306 similitudi-

130 4323 391 4397 iceiitem‚iib.l
414 4322 451 4382 de
472 4323 541 4384 Fid.
570 4321 708 4395 orthod,
727 4339 797 4399 cap.
810 4319 894 4394 aio
946 4339 1029 4384 nom.
1051 4321 1215 4400 sicigitur
1236 4319 1269 4380 in
1292 4323 1448 4398 quantum
1462 4321 1548 4384 Deus
1569 4339 1606 4384 co
1629 4325 1733 4386 noscit

116 4407 142 4462 'et
152 4399 198 4470 li,
216 4401 304 4482 quod
318 4403 353 4463 ln
368 4391 485 4462 divinia
501 4402 604 4462 omnio
618 4419 714 4462 urium
726 4409 798 4462 iiiut
809 4417 895 4482 pra&
946 4387 1037 4463 suar'n
1053 4405 1223 4484 essciitiam
1236 4403 1272 4460 ut
1284 4399 1330 4460 sic
1343 4399 1529 4464 imitabilem
1544 4342 1631 4465 itali
1643 4421 1733 4467 crea·

114 4486 157 4540 t'ei‘
172 4484 195 4543 'i'
236 4482 454 4546 remotionem,
472 4481 697 4558 promotionem
718 4487 746 4540 et
761 4489 895 4563 proccs-
945 4477 1029 4550 turi,
1051 4477 1213 4558 cognoscit
1227 4494 1297 4540 cam
1319 4482 1356 4539 ut
1384 4481 1546 4558 propriam
1575 4484 1733 4546 rationem

115 4561 191 4622 done
226 4608 234 4621 .
252 4551 304 4640 Sic
316 4561 414 4640 igitur
427 4573 490 4622 non
506 4565 580 4620 sunt
595 4561 702 4637 plures
717 4560 804 4620 ideae.
946 4563 977 4621 et
991 4557 1092 4618 ideam
1109 4555 1204 4638 liujus
1216 4563 1388 4628 creatura:
1405 4563 1436 4619 et
1447 4559 1730 4626 similiterdealiis.

149 4641 206 4703 Sed
233 4644 347 4703 contra
371 4635 418 4701 eit
443 4638 528 4718 quod
556 4639 630 4700 dicit
653 4639 893 4718 Augustinusin
944 4637 984 4699 Et
994 4637 1039 4711 sic
1054 4643 1140 4715 patet
1151 4637 1236 4715 qudd
1253 4638 1339 4700 Deus
1349 4637 1494 4718 inteiligit
1509 4641 1616 4718 plures
1627 4643 1733 4704 ratio-

116 4717 164 4779 lili.
176 4719 216 4782 83
230 4715 491 4857 Quaest.‚'quiest.
508 4717 562 4791 ta,
578 4715 689 4799 dmed.
704 4739 711 4778 ε
726 4717 806 4779 Ideo
821 4725 895 4778 sicot
946 4735 1002 4778 nes
1019 4717 1165 4795 proprias
1179 4715 1321 4810 plurium
1336 4733 1461 4792 rerum,
1477 4735 1548 4796 quie
1564 4724 1639 4782 sunt
1654 4723 1733 4799 plu-

116 4799 302 4880 principales
313 4817 379 4878 que
401 4817 448 4858 um
460 4799 576 4878 forme,
589 4797 780 4860 seductiones
792 4813 895 4858 rerum
945 4796 1099 4858 resideo.
1484 4815 1490 4834 ·

116 4877 233 4940 iratius
251 4875 347 4958 cique·
364 4869 638 4958 iri'comuiutadiles.
652 4877 727 4956 quic
737 4876 812 4956 ipse
820 4875 895 4958 [or-
986 4875 1032 4935 ild
1042 4873 1191 4952 'primum
1211 4889 1288 4952 ergo
1303 4872 1472 4938 dicendum
1485 4875 1570 4954 qudd
1583 4877 1654 4938 idea
1667 4895 1732 4940 non

115 4941 277 5038 ioqtoe'noii
290 4955 364 5038 sisoi
373 4975 382 5024 ,·
395 4975 431 5017 oc
445 4954 571 5035 pardos
586 4963 716 5023 uterne,
732 4973 767 5016 oc
779 4971 838 5016 orm
863 4973 895 5015 er
947 4953 1092 5037 nominat
1103 4951 1243 5014 divinam
1256 4951 1447 5026 assentiam,
1464 4953 1497 5018 in
1513 4960 1670 5034 quantum
1686 4961 1734 5019 est

118 5030 211 5096 eodem
226 5028 529 5102 inodds‘cliuberstec
566 5053 610 5094 uie
636 5033 745 5095 diuina
770 4974 896 5095 intelli-
947 5030 1219 5104 essentia‚sedin
1236 5037 1455 5124 quantumast
1474 5033 1661 5107 similitudo,
1683 5037 1732 5100 nel

117 5118 215 5190 penita
229 5114 510 5193 continentissimi
522 5053 590 5175 ogni
601 5114 676 5192 ipse
686 5111 896 5192 nequeori’aio
946 5111 1030 5175 ratio
1056 5110 1152 5190 hujus
1175 5111 1225 5175 vel
1245 5109 1332 5200 ¹illius
1356 5111 1414 5172 roi.
1447 5109 1535 5182 Unde
1558 5106 1734 5176 secunddm

116 5197 288 5274 rursusque
299 5194 464 5261 imminui.
476 5190 642 5254 semorum
656 5211 705 5253 ecs
719 5201 818 5253 tumen
829 5191 895 5274 for·
947 5189 1032 5270 qudd
1049 5197 1124 5266 sunt
1144 5190 1253 5268 plures
1273 5189 1414 5252 rationes
1431 5190 1597 5256 intellectae
1612 5212 1652 5256 cii
1669 5193 1734 5256 und

117 5275 188 5335 nari·
198 5265 322 5334 dic'itrir
335 5265 512 5352 omcd'q'uod
521 5266 602 5338 oriri
610 5279 636 5332 et
645 5272 775 5333 interire
781 5279 893 5352 potest,
948 5267 1099 5343 essentia,
1111 5265 1629 5350 secundrimhoodicuntnrplurcs
1643 5271 1720 5336 idam
1805 5341 1809 5348 ,

119 5359 240 5415 etomne
252 5351 337 5434 quod
349 5351 453 5413 oritur
465 5351 626 5412 elimarit.
988 5349 1034 5411 Ad
1046 5347 1403 5412 secundum'dicendum
1419 5347 1504 5426 qudd
1523 5367 1559 5412 sa
1584 5351 1682 5415 iontia
1703 5357 1734 5414 et
1759 5421 1762 5430 ,

116 5421 120 5436 ’
146 5425 340 5510 Respondet)
350 5427 516 5514 dicendum
532 5430 616 5510 quod
630 5445 760 5492 necesse
773 5433 822 5492 est
834 5447 897 5512 po-
947 5445 1000 5492 ars
1018 5427 1240 5508 significantur
1253 5430 1289 5488 ut
1306 5435 1373 5504 'quo
1388 5427 1473 5489 Deus
1493 5369 1656 5510 intefiigiti
1679 5431 1733 5503 sod

119 5525 186 5572 nero
201 5513 313 5593 plures
328 5509 426 5571 ideas.
442 5509 486 5570 dd
502 5499 594 5592 cujus
609 5508 798 5570 evidentiam
813 5523 896 5569 con·
948 5507 1036 5581 idea,
1060 5512 1097 5568 ut
1123 5506 1209 5587 quod
1229 5507 1314 5568 Deus
1337 5504 1493 5586 iutelligit.
1520 5509 1605 5570 Deus
1626 5513 1734 5572 autem

118 5585 318 5652 siderandum
340 5587 481 5671 estquod
496 5588 530 5650 in
540 5589 683 5667 quolibet
691 5587 805 5650 eliectu
818 5587 895 5648 illud
948 5604 1014 5648 uno
1027 5587 1190 5651 intellectu
1199 5585 1348 5664 intelligit
1361 5585 1480 5658 multa,
1500 5591 1531 5650 et
1546 5604 1609 5650 non
1630 5587 1733 5652 solum

119 5669 195 5744 quod
211 5674 261 5731 est
285 5667 518 5742 ultimus'flnis‚
534 5664 661 5747 proprii
677 5673 724 5736 est
739 5667 895 5731 intentum
948 5663 1123 5729 iocundiim
1146 5663 1230 5746 quod
1251 5664 1284 5726 in
1305 5681 1340 5726 se
1354 5663 1431 5742 ipsis
1451 5670 1544 5740 sunt,
1563 5667 1618 5730 sed
1638 5670 1734 5732 etiam

233 5763 236 5766 ·
389 5774 392 5780 ·
534 5761 538 5776 ·
920 5742 1125 5807 ¹sccuiiddm
1148 5739 1234 5823 quod
1257 5742 1420 5810 intellecta
1447 5749 1541 5820 sunta
1571 5747 1657 5826 qnod
1685 5754 1735 5812 est

149 5829 186 5904 ti)
203 5833 257 5898 At,
271 5841 394 5906 quem
950 5821 1127 5908 intelligere
1148 5823 1256 5902 plures
1276 5821 1418 5888 rationes
1432 5841 1559 5904 rernm
1576 5827 1660 5892 sient
1672 5843 1734 5906 aeq

1365 2033 1397 2092 in
1411 2037 1517 2093 mente
1539 2032 1646 2096 divini
1662 2033 1725 2094 sint
1825 2081 1835 2098 ,,
