3988 6344
59 275 110 342 li!
241 351 244 356 ,
455 285 588 358 QUAEST.
608 279 731 341 mlx.
751 279 796 338 oo
815 277 979 336 PERSONlS
996 277 1042 334 to
1060 273 1250 336 mamito
1269 277 1423 338 amans.
1687 283 1740 344 ‘m

57 398 265 477 priarentur
275 399 493 466 essentialia
500 399 652 465 attributa
661 393 808 476 personis
815 390 901 472 qudd
954 387 1018 458 bct.
1033 397 1061 452 st
1072 387 1201 452 maniat
1216 409 1328 452 enims.
1345 391 1416 453 lion
1432 406 1510 473 ergo
1522 393 1664 474 monto
1676 395 1740 460 Pa-

59 479 169 540 essent
182 475 241 538 eis
259 482 439 559 propria,
452 482 641 572 sequeretur
676 473 818 536 udduna
850 489 901 532 er·
953 467 994 530 tri
1006 473 1054 530 est
1065 468 1312 548 approprianda.

59 571 139 616 sona
157 573 199 616 se
216 555 400 622 haberet
413 558 452 654 ad
464 558 561 648 alsam
575 556 607 616 in
625 493 810 645 bdiitudine
829 489 901 610 For·
993 545 1032 640 l..
1044 547 1123 608 ltem
1133 547 1330 662 Augustinus
1346 547 1379 608 in
1393 547 1449 608 lib.
1467 547 1536 612 ode
1549 551 1652 643 Trim,
1666 569 1736 631 cap.

59 628 901 792 trtttiaslsillittsi.it.l‘.¹¹¹.·t,;its
953 625 1738 795 {izttittzittitittttti.sitiat

60 807 158 865 qnam
200 792 336 867 enuit,
355 785 898 874 quasisotnsFitiussitsapientias
954 789 982 841 st
1003 721 1446 874 taspraspspsoapas,
1482 793 1589 876 reptes
1600 785 1735 846 Patrem.

62 886 94 930 ut
114 869 165 932 sic
216 875 310 932 ater
338 878 385 934 et
404 871 502 934 Filius
523 869 618 931 simul
632 863 754 930 tantdm
778 863 901 942 possint
952 859 1140 938 Perspecto,
1154 867 1285 938 propter
1298 859 1428 921 Filium.
1469 880 1491 921 a
1511 879 1591 940 apso,
1604 871 1738 942 propter

61 948 345 1026 dirisapientia,
361 955 546 1012 nonautem
556 947 726 1010 Patersine
737 943 833 1016 Filio;
845 941 900 1004 sed
952 937 1107 1028 Spiritum
1120 945 1270 998 sanctum.
1284 937 1343 998 Sed
1355 937 1478 1000 videtur
1490 939 1575 1017 quod
1588 941 1738 1004 inconve-

62 1025 163 1086 Filins
179 1025 335 1091 dicitur
360 1029 520 1108 sapientia
542 1025 661 1096 Patris,
680 1024 756 1102 quia
773 1025 822 1082 est
842 1037 901 1082 sa-
952 1022 1087 1108 necuter.
1101 1016 1183 1090 Quia
1195 1015 1325 1108 perhoe
1343 1017 1428 1094 qudd
1440 1017 1526 1090 dicit,
1540 1018 1575 1078 ia
1587 1019 1666 1098 ipso.
1682 1021 1738 1082 vi-

62 1105 189 1181 pientia
198 1103 248 1168 de
256 1107 383 1170 Patre
390 1105 697 1187 sapientid.tlterque
707 1100 790 1162 enim
802 1117 899 1178 perse
952 1093 1228 1186 deturntmportarr
1245 1094 1396 1156 babitudo
1414 1112 1519 1187 causas
1535 1095 1651 1188 linaiis,
1665 1115 1737 1176 quta

62 1189 108 1243 est
124 1183 325 1262 sapientia
336 1231 349 1258 ,
375 1190 408 1249 el
423 1185 518 1250 simul
533 1185 628 1247 ambo
642 1196 708 1242 una
727 1178 898 1256 sapientia.
952 1175 1000 1233 0⁸1
1031 1188 1113 1234 rima
1130 1189 1313 1234 cautorum·
1325 1172 1410 1252 Ergo
1423 1179 1483 1237 tolo
1497 1173 1649 1236 habitudo
1661 1193 1736 1240 oau-

64 1261 152 1324 llnde
173 1263 296 1325 Pater
324 1268 465 1327 nonest
483 1263 610 1342 sapiens
629 1255 899 1337 sapientiaquem
952 1267 996 1344 ago
1008 1189 1136 1312 gabotei
1144 1250 1345 1344 appropriari
1360 1251 1463 1327 Patri,
1478 1251 1534 1330 qui
1549 1256 1597 1315 esl
1614 1255 1738 1331 princi-

66 1342 191 1418 genuit,
211 1342 283 1404 sed
303 1337 858 1422 sapientisqueestsnnessentta.
951 1327 1353 1422 prunnondepnnnpro.
1387 1407 1394 1424 ι
1599 1410 1606 1424 ,
1708 1410 1714 1425 ⁸

104 1419 153 1478 Ad
166 1420 338 1482 tertium
359 1421 527 1484 dicendum
545 1417 630 1496 qudd
647 1414 718 1477 licet
729 1413 899 1475 essentiale
991 1405 1021 1466 li.
1044 1406 1314 1500 ltem,§rnvenrtur
1328 1415 1442 1470 serttcs
1456 1410 1658 1488 appropriari
1679 1409 1737 1470 Fr-

69 1499 283 1560 attributum
303 1497 493 1562 secundnm
505 1499 663 1559 rationem
682 1493 844 1572 propriam
860 1491 900 1552 sit
952 1483 995 1544 llo
1012 1485 1185 1546 secundum
1198 1485 1378 1547 illud108ss·
1393 1483 1441 1558 1¹⁸,
1457 1487 1477 1546 6
1491 1487 1581 1565 ῐΕσθ
1592 1505 1658 1548 som
1672 1489 1735 1554 θίαν

69 1576 157 1652 prius
173 1575 299 1668 quam
319 1593 468 1656 persona
480 1573 654 1638 secunddm
667 1571 796 1633 modurn
808 1570 900 1632 intel·
951 1565 1077 1631 veritos.
1088 1571 1116 1623 st
1135 1563 1220 1630 vitu:
1232 1568 1262 1624 et
1275 1563 1420 1625 similiter
1434 1563 1513 1626 liber
1526 1567 1606 1632 oitn,
1620 1583 1738 1628 secun-

71 1653 208 1733 ligendr,
222 1659 381 1728 tamen,
399 1656 433 1716 in
450 1658 608 1734 quantum
627 1652 725 1714 babet
742 1649 900 1710 rationem
951 1639 1025 1702 ddm
1043 1641 1121 1702 illnd
1130 1642 1249 1780 psalm.
1267 1641 1318 1714 39,
1331 1641 1350 1702 9
1365 1661 1372 1701 :
1389 1643 1431 1703 lc
1444 1641 1632 1736 eapitetibri
1650 1645 1738 1706 scri-

72 1735 315 1812 appropriari,
329 1729 900 1812 nibilprohibetproprlumpersonas
950 1727 1038 1798 ptum
1064 1727 1107 1780 est
1151 1737 1250 1788 emer
1275 1720 1388 1782 Glossa
1413 1721 1575 1783 ordinaria
1594 1741 1602 1780 ε
1618 1721 1659 1782 ld
1680 1729 1735 1790 est,

75 1829 143 1872 esse
163 1811 275 1890 prius
301 1812 413 1892 quam
431 1812 691 1890 appropriatum
709 1806 792 1867 sicut
812 1805 900 1866 color
951 1797 1034 1876 apud
1048 1797 1183 1890 Putrem,
1204 1797 1263 1890 qui
1273 1805 1316 1860 est
1338 1806 1429 1890 repat
1449 1801 1737 1890 motmrlsimiliter

76 1891 248 1966 posterior
260 1895 326 1954 est
342 1889 529 1969 corpore,in
542 1890 697 1966 qnantum
708 1887 897 1961 osteorpus3
952 1875 1108 1952 hocqood
1123 1875 1193 1936 dico
1207 1892 1261 1955 qut
1281 1883 1345 1943 eol:
1365 1892 1443 1968 quto
1461 1895 1558 1968 super
1575 1875 1652 1938 illud
1674 1878 1734 1939 lso·

77 1969 165 2044 prius
180 1973 316 2031 tamen
336 1974 386 2030 est
400 1967 589 2030 naturaliter
607 1979 742 2044 corpore
762 1961 847 2033 albo,
864 1961 898 2020 in
950 1951 1001 2026 65,
1018 1952 1055 2012 12
1071 1953 1221 2044 Eccepqo
1236 1953 1277 2014 od
1286 1961 1400 2044 aeoles.
1414 1953 1489 2016 droti
1501 1954 1614 2018 Glossa
1630 1955 1737 2016 inter-

82 2052 250 2123 qfflpum
266 2052 333 2110 θεῖ
347 2047 466 2110 album,
950 2031 1081 2093 linearis
1102 2033 1232 2092 :Filius
1249 2029 1400 2112 loquitor,
1424 2033 1479 2112 qui
1500 2031 1584 2094 dixit
1607 2033 1736 2113 Moysi:

694 2159 701 2176 ,
953 2109 1138 2188 «qusom
1172 2110 1207 2171 oi
1220 2127 1297 2170 som.
1316 2131 1330 2165 s
1346 2108 1406 2171 Sed
1420 2109 1542 2171 videtur
1560 2111 1646 2190 qubd
1660 2127 1738 2190 pro-

83 2165 279 2228 Asrrcunus
296 2183 376 2228 vnn.
389 2200 427 2212 -
440 2162 552 2228 esrom
571 2159 822 2224 convenientsrd
842 2176 900 2220 su·
950 2187 1021 2279 pria
1036 2188 1100 2249 sint
1121 2127 1204 2260 pffip
1220 2192 1252 2248 ep
1266 2204 1330 2248 no„
1350 2189 1565 2280 appropria,
1586 2191 1664 2252 Nam
1680 2209 1739 2250 ve„

122 2244 187 2305 ὑπ”
203 2243 411 2307 doctoribw
425 2245 489 2305 sint
507 2239 682 2303 timim
692 2239 836 2317 W⁸⁰⁷²²¹¹
848 2247 900 2298 θ’·
950 2274 1042 2334 ritus,
1059 2263 1233 2326 secunddm
1248 2265 1473 2346 augustinum,
1492 2268 1525 2328 in
1540 2267 1595 2328 lib.
1609 2267 1647 2329 dc
1661 2265 1738 2329 vera

123 2321 268 2414 ‘'5⁶¹⁸‘ss-
284 2357 333 2368 ··
345 2322 388 2404 (¹2
406 2321 480 2385 ‘1⁸⁹⁸‘-
493 2320 525 2393 θ’
538 2325 644 2410 duffii:
659 2335 728 2384 “no
747 2325 807 2376 Ψ·
825 2315 856 2386 ³⁹
871 2323 899 2376 ιε
950 2343 1127 2422 Religione,
1143 2361 1213 2421 cap.
1228 2341 1283 2414 26,
1299 2345 1384 2405 circa
1394 2343 1490 2415 med,
1506 2354 1549 2406 cst
1565 2363 1680 2406 sommo
1691 2345 1739 2406 si-

124 2399 201 2461 dsst.
219 2401 257 2475 3,
268 2409 393 2494 qamt.
406 2399 436 2476 3,
450 2408 511 2462 ort.
523 2399 553 2473 1,
565 2405 592 2457 ct
603 2396 676 2457 dest.
687 2393 737 2470 dis,
750 2403 855 2474 quoti·
866 2392 897 2468 2,
949 2421 1094 2483 mititudo
1125 2420 1464 2502 riacipiiobsqnsomni
1472 2423 1736 2485 dissimilitudine.

125 2486 191 2541 m·
207 2477 352 2561 ωιωο·)
703 2571 709 2586 ¹
839 2507 845 2520 ·
949 2499 989 2560 Et
1001 2500 1047 2562 sie
1063 2440 1189 2561 rifetur
1203 2499 1289 2576 quod
1306 2517 1365 2580 pro
1389 2499 1434 2561 rid
1453 2503 1624 2563 conveniat
1643 2501 1737 2576 Filio,

129 2575 356 2640 lldoctarum
367 2577 413 2638 sic
423 2575 616 2656 proceditur.
632 2571 899 2664 l.Vsdeturqudd
951 2519 1740 2668 quibabetprincipium.ligastiamoitoevidetur

96 2653 376 2718 inconvenienter
386 2653 404 2719 d
415 2654 514 2716 sacris
525 2653 707 2715 doctoribus
718 2654 782 2712 ssnt
792 2667 899 2710 essen·
950 2656 1117 2734 proprium
1128 2655 1247 2734 aliquid
1260 2672 1341 2730 esse,
1359 2657 1436 2733 quia
1451 2657 1609 2734 significat
1622 2675 1678 2718 ens
1696 2659 1738 2719 ab

96 2733 180 2794 tialia
195 2735 362 2813 personis
380 2733 543 2794 attributa.
563 2730 645 2791 Dicit
659 2729 744 2790 enim
758 2728 898 2790 Hilarius
951 2733 1034 2806 alio;
1054 2733 1157 2814 omnis
1177 2732 1263 2794 enim
1281 2734 1363 2794 liber
1384 2735 1553 2810 abaliquo
1575 2735 1737 2796 scribitur.

100 2810 213 2874 tuboe
232 2813 351 2886 Trin„
373 2811 470 2890 pauld
490 2812 563 2888 post
580 2809 682 2887 princ.
700 2826 709 2865 z
727 2805 900 2866 AEtsraitas
950 2811 1019 2874 lloe
1039 2813 1134 2872 etiam
1151 2811 1268 2888 ipsum,
1292 2811 1347 2890 qui
1358 2819 1414 2880 est,
1430 2812 1557 2873 ridetur
1575 2823 1646 2874 ess'e
1661 2829 1739 2892 pro-

102 2898 140 2948 est
155 2891 191 2951 in
207 2891 330 2958 Patre,
345 2889 460 2969 specics
477 2888 513 2948 ia
529 2887 679 2966 imnqins,
697 2903 772 2945 osus
785 2885 819 2944 in
834 2902 900 2944 mo-
951 2889 1056 2968 prium
1067 2889 1165 2961 Filio;
1179 2889 1255 2965 qnia
1273 2889 1299 2950 si
1315 2886 1386 2950 edm
1400 2889 1501 2970 lloysi
1514 2890 1649 2951 dicitur:
1664 2891 1737 2968 Epo

101 2983 178 3026 nere.
192 2969 234 3030 ln
250 2971 379 3048 quibus
393 2967 496 3029 verbis
509 2965 599 3043 ponit
611 2965 672 3024 tria
687 2963 817 3023 nomina
826 2979 901 3040 pro·
951 2968 1080 3048 sumqui
1092 2985 1169 3038 mm,
1188 2967 1332 3044 loquitur
1347 2968 1504 3040 Trinitas;
1523 2985 1599 3046 ergo
1612 2967 1737 3046 Moyses

105 3045 171 3121 pria
184 3063 422 3124 personarum,
443 3045 562 3106 scilicet
583 3059 699 3102 nomen
718 3040 844 3132 Putris.
869 3044 900 3101 et
947 3059 948 3062 ’
973 3049 1077 3107 oterat
1088 3045 1193 3106 dicere
1206 3045 1281 3106 :llle
1291 3046 1346 3123 qui
1361 3051 1409 3107 est
1419 3048 1522 3118 Pater,
1538 3051 1569 3107 et
1580 3045 1693 3119 Filius,
1706 3052 1738 3107 et

105 3139 219 3185 nomen
232 3125 400 3204 irrupistis,
416 3123 500 3200 quod
519 3125 566 3182 est
574 3121 745 3258 proprium
759 3119 901 3192 rorant
951 3064 1087 3260 Spiritus
1106 3129 1256 3195 sanctus,
1281 3125 1367 3183 misit
1388 3141 1437 3184 me
1454 3124 1493 3186 ad
1514 3141 1584 3186 vos.
1601 3124 1685 3203 Ergo
1708 3129 1740 3185 ct

110 3217 202 3278 supra
216 3204 415 3273 dictumest,
427 3204 539 3279 quast.
554 3198 572 3258 3
596 3242 603 3271 ‚
619 3201 680 3260 art.
695 3197 725 3270 2,
742 3200 773 3258 et
783 3214 899 3257 nomen
950 3218 972 3261 u
987 3199 1085 3262 terids
1101 3200 1204 3261 dicere
1219 3205 1365 3279 poteratz
1384 3200 1440 3262 llle
1457 3202 1512 3279 qui
1530 3207 1577 3263 est
1591 3203 1693 3274 Pater,
1707 3207 1739 3262 et

108 3282 252 3350 muneris,
271 3283 343 3343 sive
351 3281 482 3350 donum,
496 3278 581 3356 quod
591 3280 639 3336 est
650 3273 815 3353 proprium
824 3273 900 3411 Sp}—
950 3277 1064 3351 Filius,
1082 3283 1115 3340 et
1132 3278 1266 3355 Spiritus
1282 3284 1424 3350 sanctus,
1441 3281 1528 3340 misit
1547 3297 1596 3340 me
1611 3279 1650 3341 ad
1667 3296 1736 3352 vos,

889 3397 898 3426 2

111 3356 183 3420 ritds
205 3361 336 3432 sancti,
358 3363 394 3420 ut
416 3373 513 3435 supra
534 3353 677 3416 habitum
694 3356 757 3424 est,
776 3371 831 3430 qu.

113 3441 166 3496 art.
189 3437 222 3497 Ξ.
252 3438 350 3500 Ponit
377 3435 472 3497 etiam
494 3433 555 3495 tria
581 3433 797 3510 appropriata.
820 3431 900 3491 Nom
951 3440 1000 3496 est
1012 3435 1139 3506 laisum,
1162 3434 1238 3511 quia
1255 3435 1345 3496 nulla
1362 3451 1500 3513 persona
1521 3438 1569 3497 est
1590 3437 1693 3503 Pater,
1707 3441 1738 3496 et

112 3517 316 3577 eternitatem
332 3514 519 3594 appropriat
535 3509 638 3582 Patri,
658 3509 786 3589 spectem
806 3508 898 3583 Filio,
952 3512 1063 3584 Filius,
1082 3518 1112 3572 et
1131 3511 1266 3589 Spiritus
1288 3517 1430 3574 sanctus.
1448 3513 1517 3574 Non
1539 3529 1616 3592 ergo
1635 3518 1739 3591 potest

115 3594 339 3673 monspiritui
350 3598 471 3656 sancto.
484 3589 659 3652 Etvidetur
671 3587 901 3664 quddirratio—
951 3607 1021 3652 esse
1037 3606 1206 3652 commune
1229 3591 1380 3666 trinitati,
1402 3591 1456 3653 sed
1495 3599 1544 3652 est
1572 3591 1738 3670 proprium

116 3671 271 3734 nobiliter.
281 3672 362 3733 Nam
376 3665 900 3745 eternitasimportatdnrationem
951 3668 1036 3730 Filii.
1372 3703 1375 3710 .

116 3751 245 3826 msendi,
266 3749 383 3830 species
397 3748 473 3810 rerd
489 3750 537 3807 est
555 3743 679 3806 essendi
695 3743 795 3820 princi
820 3743 899 3816 ium,
990 3746 1177 3826 llespondeo
1197 3747 1366 3810 dicendum
1380 3747 1466 3826 qudd
1482 3749 1659 3810 intellectus
1676 3765 1740 3810 no-

118 3829 272 3892 massera
289 3828 328 3890 ad
349 3825 566 3906 operationem
604 3823 742 3884 erlinore
761 3761 898 3882 rigetur·
952 3830 1028 3898 ster,
1040 3825 1095 3902 qui
1111 3843 1152 3886 ex
1163 3827 1317 3889 creaturis
1333 3829 1365 3888 in
1376 3827 1432 3887 Dei
1447 3828 1658 3906 cognitionem
1672 3843 1738 3888 ma·

118 3901 168 3964 Sed
178 3907 322 3969 essentia
334 3910 366 3966 et
375 3904 518 3984 operatio
527 3841 607 3962 culfi
617 3916 762 3979 personae
776 3915 901 3977 appro-
953 3903 1136 3976 nuducitur,
1155 3919 1174 3963 ο
1197 3907 1280 3964 ortet
1292 3904 1376 3982 qudd
1389 3903 1677 3965 Deumconsideret
1689 3921 1739 3965 η.

121 3982 208 4056 Ρῐῑᾶῐί
229 3985 454 4046 inveniuntur.
470 3983 554 4060 Ergo
573 3978 837 4040 inconvenienter
854 3977 902 4038 vi·
952 3979 1091 4042 cunddm
1108 3997 1162 4040 mo
1184 3999 1344 4060 umquem
1363 4000 1404 4043 ex
1420 3982 1573 4042 creaturis
1591 3987 1736 4042 assumit.

121 4057 299 4126 denturista
310 4061 516 4140 appropriata
532 4057 688 4136 personis·
951 4059 988 4119 ln
1015 4059 1273 4119 consideratione
1289 4056 1554 4138 autem'alicojus
1583 4064 1738 4120 creatura

153 4137 180 4198 ἓ.
200 4143 371 4216 Praeterea,
385 4141 431 4198 du
457 4137 581 4198 ustinus
591 4133 701 4194 inlde
713 4134 803 4193 Dool·
818 4131 899 4206 thr..
952 4143 1092 4213 quatuor
1107 4154 1164 4213 per
1183 4136 1326 4198 ordinem
1345 4137 1436 4197 nobis
1457 4139 1640 4197 occurrunt.
1659 4137 1739 4197 Nam

123 4218 224 4294 capo,
240 4217 360 4290 infin,
379 4157 531 4280 ἓῑῦἕῑΰῑῑῐ
549 4213 590 4274 1⁷²
610 4211 703 4272 Polio
721 4219 763 4270 tol
781 4210 899 4278 unitos,
952 4210 1055 4292 primo
1083 4214 1303 4274 consideratur
1327 4231 1378 4274 res
1406 4215 1475 4291 ipsa
1503 4212 1669 4287 absoluti,
1703 4216 1738 4276 in

124 4291 153 4350 t’o
165 4297 252 4359 Filio
271 4295 447 4376 equalitas,
466 4293 501 4354 irs
512 4292 638 4370 Spiritu
652 4297 758 4350 sancto
772 4287 903 4368 cqcatt-
952 4295 1109 4369 quantum
1127 4296 1175 4352 est
1194 4309 1250 4352 ens
1273 4292 1444 4369 quoddam.
1465 4291 1609 4356 Secunda
1632 4297 1739 4354 autem

126 4374 188 4434 totis
205 4373 400 4454 unitatisque
419 4369 597 4432 concordio.
620 4368 659 4428 lit
676 4367 801 4429 videtur
816 4365 901 4443 qudd
952 4369 1164 4430 consideratio
1174 4370 1219 4430 rei
1235 4374 1283 4430 cst
1303 4370 1336 4430 in
1349 4376 1503 4447 quantum
1515 4373 1648 4433 estuoa.
1662 4371 1740 4433 'ler-

125 4446 386 4515 inconvenientcr.
401 4451 483 4524 Quia
497 4464 561 4509 una
573 4462 711 4525 persona
725 4462 789 4506 non
804 4444 901 4504 deno·
951 4447 995 4508 tia
1011 4446 1223 4508 consideratio
1234 4447 1281 4507 rei
1295 4453 1353 4520 est,
1371 4445 1546 4509 secunddm
1561 4447 1645 4526 qudd
1655 4449 1741 4511 inest

125 4528 257 4592 minatur
269 4529 445 4591 formaliter
458 4525 558 4606 perid
573 4525 658 4603 quod
675 4522 902 4602 appropriatur
952 4525 981 4586 ei
1006 4524 1107 4587 virtus
1133 4525 1172 4586 ad
1200 4526 1407 4603 operandum,
1419 4532 1449 4587 et
1469 4525 1509 4588 ad
1529 4527 1736 4592 causandum.

126 4603 222 4684 alteri3
239 4609 405 4669 nonenim
424 4611 471 4668 est
489 4603 616 4682 sapiens
638 4605 731 4663 Pater
744 4617 778 4663 sa
803 4600 901 4662 ientid
951 4604 1073 4676 Quarta
1084 4609 1190 4665 autem
1205 4605 1417 4665 consideratio
1429 4609 1477 4666 est
1488 4603 1662 4666 secunddm
1677 4607 1740 4668 ba.

128 4686 231 4761 genita,
261 4691 297 4747 ut
324 4685 442 4746 dictum
470 4686 518 4744 est
544 4686 604 4741 art.
626 4697 737 4817 pree,
753 4617 801 4740 af
815 4678 845 4750 2,
870 4683 903 4739 et
952 4680 1391 4760 bitudinemquambabetad
1406 4686 1550 4746 causata·
1568 4683 1654 4744 Unde
1672 4682 1740 4745 hac

128 4772 224 4836 quast.
245 4765 295 4838 37,
313 4770 374 4825 art.
394 4763 425 4834 2,
448 4777 517 4840 arg.
538 4760 567 4818 1.
586 4759 623 4819 Sc
648 4801 656 4828 ‚
683 4759 765 4818 sicut
784 4756 901 4817 ibidem
952 4759 1047 4821 etiam
1069 4761 1271 4838 quadruplex
1296 4759 1508 4822 consideratio
1530 4759 1614 4822 circa
1636 4761 1738 4820 Deum

128 4841 273 4917 subditur,
294 4843 357 4903 trio
370 4839 432 4900 itoec
446 4837 548 4900 omniu
567 4853 663 4897 onum
682 4841 756 4895 sont
768 4842 902 4913 propter
953 4838 1044 4898 nobis
1057 4839 1206 4898 occurrit.

128 4913 253 4989 Putrem:
266 4919 396 5012 aequolt'o
411 4917 515 4978 omnio
524 4923 655 4994 propter
669 4913 698 4973 F
701 4913 807 4980 ilium,
824 4930 902 4973 eoo-
991 4911 1169 4975 Seeundbm
1186 4915 1285 4993 igitur
1297 4914 1436 4992 primam
1451 4915 1738 4978 considerationem

128 5011 194 5058 msc
213 5016 318 5060 omrrta
333 5003 466 5088 propter
485 4993 640 5072 Spiritum
662 4998 812 5050 sunctum.
830 4989 900 5051 Non
952 4991 1018 5069 qua
1040 4991 1260 5054 consideratur
1286 4994 1432 5054 absoluti
1451 4995 1535 5055 Deus
1563 4992 1738 5054 secunddm

128 5088 142 5130 r
203 5082 433 5138 convenienter
445 5070 693 5150 appropriantur
709 5067 868 5147 personis.
952 5087 1022 5130 esse
1036 5087 1142 5144 suum,
1165 5071 1211 5132 sic
1225 5072 1362 5132 sumitur
1377 5073 1593 5151 appropriatio
1611 5072 1736 5146 llilarii,

144 5089 183 5212 ΓΞ.
205 5155 304 5227 ltcm,
322 5148 496 5214 secunddm
506 5147 730 5227 augustinum,
746 5147 829 5207 Patri
845 5149 910 5208 at-·
952 5143 1126 5208 secunddm
1142 5165 1238 5225 qnam
1260 5151 1415 5211 eternitas
1430 5151 1653 5228 appropriatur
1672 5152 1739 5212 Pa-

951 3356 1198 3418 demonstrando
1209 3363 1327 3417 certam
1349 3373 1531 3434 personam.
1545 3357 1613 3418 lloc
1630 3363 1738 3418 autem

129 5228 267 5293 tribuitur
283 5230 443 5311 potentio,
469 5227 550 5287 Filio
574 5225 745 5304 sapientia,
770 5223 900 5302 Spiritui
952 5225 1005 5298 tri,
1021 5225 1136 5305 species
1151 5227 1245 5299 Filio,
1259 5245 1334 5287 usos
1346 5227 1475 5305 Spiritui
1494 5232 1614 5290 sancto.
1627 5229 1739 5289 AEtsr-

129 5315 226 5371 sancto
240 5309 374 5372 bonitas.
392 5303 636 5367 Etvideturhoc
653 5319 723 5364 esse
742 5304 901 5364 inconre-
951 5301 1036 5362 nitas
1058 5304 1155 5378 enim,
1176 5306 1209 5364 in
1231 5308 1387 5382 quantum
1408 5307 1565 5386 significat
1581 5323 1651 5368 esse
1672 5323 1739 5370 non

130 5385 227 5462 niens3
242 5387 430 5452 uamrirtus
441 5384 479 5446 ad
489 5381 818 5462 potentiampertiuet.
828 5380 901 5441 Vir·
932 5380 1177 5459 principatum,
1200 5381 1439 5444 similitudinem
1453 5384 1549 5445 habet
1569 5401 1641 5445 cum
1661 5401 1739 5462 pro-

129 5465 167 5524 tos
190 5469 298 5528 antem
320 5463 483 5526 invenitur
505 5457 707 5538 appropriari
732 5457 824 5529 Filio,
847 5475 901 5518 sc-
951 5459 1023 5536 prio
1035 5460 1149 5532 Patris,
1167 5461 1222 5538 qui
1238 5466 1286 5522 est
1299 5461 1492 5540 principium
1513 5478 1576 5522 non
1591 5462 1630 5522 de
1647 5464 1739 5538 prin-

130 5542 255 5604 cnnddm
269 5542 348 5602 illud
365 5542 381 5601 1
397 5541 436 5602 ad
450 5539 592 5603 Corinth.
615 5537 643 5610 l,
661 5533 700 5595 ot
717 5555 725 5594 z
741 5535 901 5598 Christum
931 5549 934 5556 ·
952 5536 1053 5614 cipios
1077 5555 1092 5597 s
1116 5539 1191 5598 ecies
1205 5541 1315 5600 autem
1329 5539 1396 5599 sive
1413 5538 1615 5616 pulchritudo
1641 5540 1740 5601 babet

128 5613 175 5682 bei
188 5623 351 5686 uirtutem:
374 5617 514 5680 etetiam
536 5615 666 5694 Spiritui
689 5619 818 5688 sancto,
842 5631 899 5674 se-
953 5555 1192 5676 similitudinem
1213 5634 1286 5677 cum
1311 5617 1449 5694 propriis
1472 5617 1573 5678 Filiis.
1595 5619 1673 5680 Nam
1696 5616 1739 5678 ad

129 5695 255 5764 undum
269 5696 482 5772 blutiaco,
500 5695 560 5758 to:
584 5693 692 5758 l'irtus
709 5691 745 5753 ds
759 5691 814 5754 illo
833 5691 900 5754 eri·
951 5691 1221 5772 pulchritudinem
1236 5695 1297 5756 tria
1309 5695 1529 5774 requiruntur.
1546 5697 1649 5760 Primi
1661 5693 1743 5776 qul·
