4008 6346
248 249 301 310 Μ
340 231 341 234 ¹

759 233 892 332 sunan
911 235 1138 300 mmeocrcn
1157 239 1245 301 mns
1262 241 1379 302 ιιιιιιι.

287 363 336 431 Ad
359 359 452 446 cnjus
474 359 676 434 evidentiam,
693 359 857 424 sciendum
879 359 928 421 est
952 349 1041 437 quiid,
1093 347 1193 430 terit,
1211 357 1294 420 sicul
1309 353 1428 421 dietum
1443 314 1537 422 estin
1563 377 1674 440 corp.
1697 357 1767 421 Sed
1788 363 1825 422 in
1841 367 1939 430 rebus

245 446 341 510 aliter
352 445 504 508 causatur
521 442 640 502 malum
656 439 689 501 in
702 439 846 511 actione,
859 438 991 520 etaliter
1005 437 1037 499 in
1093 437 1283 499 voluntariis
1297 437 1435 501 delectus
1452 433 1604 502 actionis
1621 436 1646 501 d
1663 441 1853 504 voluntate
1865 455 1936 510 artu

246 523 373 590 ellectu.
394 523 431 585 ln
455 521 580 584 actione
596 519 723 598 quidem
743 521 896 582 causatur
916 515 1037 578 malum
1091 513 1257 577 deficiente
1271 518 1433 596 procedit,
1447 518 1479 578 in
1494 523 1685 597 quantum
1707 535 1783 580 non
1807 525 1935 602 subjicit

245 600 539 683 propterdeiectum
551 598 688 678 alicujus
698 595 800 690 princi

244 681 315 753 nis,
331 681 383 742 vel
403 677 587 816 principalis
601 679 743 756 agentis,
763 615 822 736 ves
835 673 1036 735 instrumen-

824 595 928 656 iorum
939 595 1037 657 actio-
1091 609 1126 654 se
1140 599 1213 655 actu
1224 612 1292 657 sure
1307 615 1324 657 r
1365 596 1437 660 ulae.
1461 597 1522 672 Qui
1542 602 1677 659 tamen
1694 597 1856 662 delectus
1872 621 1933 668 non

1090 676 1140 733 est
1160 672 1313 752 eulpa,s
1375 691 1448 736 eum
1472 675 1644 755 sequitur
1669 676 1780 756 culpa
1805 696 1851 740 ex
1873 681 1932 746 lroc

244 761 337 832 talis3
362 761 444 822 sicut
456 757 494 818 de
509 760 595 818 ectus
612 755 643 816 in
662 757 749 816 motu
766 753 914 814 animalis
933 756 1037 830 potest
1089 748 1175 829 qudd
1188 769 1260 814 cnm
1276 753 1330 814 tali
1345 751 1469 816 delectu
1484 761 1678 834 operatur.

243 838 450 918 contingere,
469 836 520 898 vel
543 839 674 914 propter
693 831 885 893 debilitatem
908 831 1034 894 virtutis

243 915 470 987 motivn,ulin
479 912 661 992 pueris,ch
672 911 911 990 proptersolam
921 909 1035 990 inepti-

241 995 384 1056 tudinem
403 991 627 1063 instrumenti,
647 995 683 1051 ul
703 991 735 1050 in
758 986 891 1064 claudis.
913 987 1034 1052 Causa-

241 1077 296 1135 tur
309 1075 415 1134 antem
428 1071 549 1134 malum
564 1070 595 1130 in
607 1087 642 1130 rc
656 1065 766 1147 aliqud
782 1063 976 1146 quandoque
991 1087 1031 1129 cx

240 1152 358 1214 virtute
383 1151 524 1230 agentis,
549 1164 615 1210 non
644 1153 749 1209 tamen
774 1146 806 1206 in
835 1147 965 1225 propriu
988 1147 1033 1208 el·

241 1229 455 1310 lectuaqenlis
464 1227 527 1310 (1);
541 1225 735 1320 quandoque
746 1227 851 1286 autem
860 1223 1030 1286 exdeloctu

239 1308 360 1388 ipsius,
381 1308 431 1371 vel
447 1309 599 1368 materiae.
615 1305 662 1364 Ex
686 1305 801 1365 virtute
831 1301 960 1382 quidem
979 1305 1030 1365 rel

239 1387 432 1467 perfectione
443 1385 578 1466 agentis,
588 1382 718 1461 quando
729 1383 767 1444 ad
779 1381 914 1442 lormam
927 1381 1031 1444 inlen-

238 1469 303 1530 tam
316 1467 357 1528 ab
370 1467 484 1559 agente
494 1462 640 1542 sequitur
650 1479 689 1523 ex
698 1460 886 1522 necessitate
896 1459 1029 1524 alterius

238 1543 348 1607 tormen
361 1544 496 1624 privatio
507 1563 516 1618 ς
529 1542 612 1604 sicut
624 1539 664 1603 ad
679 1537 812 1602 formam
828 1536 909 1616 ignis
922 1540 1030 1618 scqui-

238 1627 293 1684 tur
303 1621 558 1702 privatiolormae
573 1619 658 1682 aeris
671 1617 721 1682 vel
735 1632 839 1696 aqum.
851 1616 938 1678 Sicut
951 1634 1028 1698 crgo

237 1701 359 1781 quanti)
372 1701 454 1780 ignis
468 1696 740 1775 lueritpertectior
750 1696 782 1757 in
798 1696 926 1769 virtute,
939 1697 1028 1759 tanto

237 1777 407 1854 perlectids
424 1777 576 1856 imprimit
591 1775 725 1838 termam
743 1791 847 1846 suam,
865 1773 909 1835 ita
931 1774 1027 1836 etiam

237 1857 326 1922 tnntd
343 1855 511 1937 perlectids
524 1855 700 1932 corrumpit
713 1853 922 1916 contrarium.
939 1852 1027 1916 Unde

237 1937 357 2000 malum
375 1941 407 1998 ct
415 1933 579 2014 corruptio
589 1930 673 1996 aeris
688 1938 720 1994 et
732 1945 826 2011 aqum
837 1933 885 1993 est
901 1948 941 1994 cx
954 1949 1027 2009 per-

236 2013 371 2108 fectione
382 2013 464 2095 ignis
476 2035 485 2087 ς
496 2013 550 2106 sed
565 2013 627 2106 hoc
643 2014 691 2073 est
704 2027 761 2149 per
773 2010 919 2072 accidens
929 2029 937 2080 ;
949 2011 1026 2087 quia

235 2091 702 2248 {scintillarem
712 2088 1026 2242 llllllllrlll

235 2253 389 2312 causalel
406 2247 483 2311 illud
503 2266 560 2328 per
579 2245 737 2310 accidens.
761 2245 820 2306 Sed
838 2245 864 2306 si
881 2245 921 2305 sil
940 2244 1026 2308 dele-

235 2332 305 2390 ctus
318 2327 351 2389 in
366 2327 481 2390 ellectu
492 2326 622 2404 proprie
638 2324 740 2404 ignis,
756 2327 832 2401 puta
845 2320 933 2402 qudd
949 2321 1025 2385 delr-

235 2405 298 2468 ciat
321 2403 590 2478 doalelaciendc,
609 2404 670 2465 hoc
685 2408 734 2464 est
747 2403 796 2464 vel
814 2417 872 2480 pro
897 2405 945 2462 ter
971 2403 1025 2464 de-

236 2483 352 2545 lectum
375 2483 530 2552 aetionis,
553 2482 609 2561 qui
627 2480 784 2544 redundat
808 2479 842 2542 in
867 2419 1024 2544 derectum

234 2561 371 2642 alicujus
387 2562 552 2640 principii,
569 2565 606 2624 ut
619 2561 736 2622 dictum
754 2559 847 2622 estin
865 2559 927 2620 isto
939 2565 1022 2636 art,

235 2641 287 2703 vel
300 2659 342 2704 ex
354 2641 597 2720 indispositlone
610 2639 762 2711 materias,
780 2655 854 2716 quae
864 2654 927 2698 non
944 2639 1024 2699 reei-

234 2718 280 2798 pit
291 2720 449 2782 actionem
465 2717 546 2800 ignis
564 2718 700 2799 agentis.
723 2716 782 2778 Sed
797 2721 828 2777 et
840 2716 902 2778 hoc
918 2715 1024 2810 ipsum

234 2798 321 2876 quod
336 2802 384 2862 est
398 2816 469 2862 esse
480 2796 641 2872 deficiens,
657 2795 771 2860 accidit
785 2797 870 2858 bono
886 2811 940 2858 cur
966 2812 1024 2874 por

234 2893 270 2940 se
286 2877 435 2956 competit
446 2893 553 2958 agere.

274 2953 362 3018 Unde
386 2973 498 3020 verum
514 2957 565 3017 est
587 2952 673 3033 qudd
697 2953 819 3016 malum
846 2948 1023 3015 secundum

235 3034 360 3099 nullum
382 3033 512 3097 modum
527 3033 623 3095 hahet
640 3045 771 3094 causam
792 3031 853 3094 nisi
869 3048 927 3110 por
940 3033 1024 3093 acci-

234 3105 324 3174 dens.
340 3111 391 3175 Sic
406 3113 652 3176 autemnonum
669 3114 717 3172 cst
732 3127 830 3172 causa
845 3109 933 3171 mali.

274 3191 320 3252 Ad
333 3191 472 3270 primum
488 3207 565 3270 ergo
574 3189 742 3252 dicendum
755 3188 853 3267 quod,
869 3188 1023 3250 sicutnu-

210 3265 215 3278 '
235 3269 381 3348 gostinus
393 3268 479 3342 dicit,
493 3272 604 3331 contra
615 3269 779 3330 lulianum
792 3266 846 3329 lib.
862 3267 892 3337 1,
907 3285 977 3346 cap.
991 3268 1022 3344 9,

155 3407 160 3414 .
234 3347 310 3410 circ.
328 3347 397 3424 on,
415 3347 556 3410 ardorem
579 3345 691 3408 andam
714 3344 850 3426 appellat
871 3345 1024 3407 Dominus

235 3425 425 3490 voluntatem
436 3425 565 3494 malam,
584 3433 613 3486 cl
627 3423 767 3487 ardorem
786 3423 896 3486 donam
912 3422 1024 3486 volun·

236 3503 460 3566 carentonam.
482 3505 533 3566 Ex
554 3505 718 3567 voluntale
735 3506 841 3564 autem
858 3501 943 3564 oona
956 3521 1022 3564 non

235 3583 422 3661 producitur
437 3586 527 3645 actus
544 3583 674 3646 moralis
689 3581 805 3654 malus,
819 3576 891 3641 edm
902 3599 944 3642 ex
954 3580 1024 3660 ipsd

235 3660 655 3741 voluntatcbondjudicetur
665 3663 754 3722 actus
764 3657 895 3721 moralis
906 3659 1021 3721 bonus.

234 3739 294 3802 Sed
307 3743 415 3806 tamen
431 3739 498 3818 ipse
507 3743 612 3801 motus
622 3738 714 3802 malae
725 3735 897 3800 voluntatis
910 3753 1024 3799 eausa·

235 3815 322 3882 turi
343 3816 490 3884 ereaturd
509 3817 676 3893 rationali,
704 3833 777 3896 quae
793 3817 879 3878 bona
894 3820 964 3891 est3
993 3821 1024 3878 et

234 3896 282 3960 sie
293 3900 342 3959 est
354 3913 453 3961 causa
468 3895 556 3960 mali.

274 3975 322 4038 Ad
336 3975 512 4040 secundum
530 3973 698 4038 dicendum
720 3971 805 4053 qudd
820 3965 941 4034 bonum
957 3988 1022 4034 non

234 4056 347 4117 causat
358 4053 435 4118 illud
452 4053 573 4116 malum
587 4053 673 4133 qood
686 4055 734 4114 est
743 4051 1021 4124 sibicontrarium,

234 4131 289 4194 sed
306 4133 466 4214 quoddam
483 4131 587 4206 aliud3
608 4132 691 4195 sicut
706 4130 832 4194 bonitas
850 4129 932 4211 ignis
947 4147 1023 4192 cau-

234 4215 284 4272 sat
297 4213 418 4276 malum
433 4228 544 4292 aquo,
563 4215 594 4274 el
614 4211 710 4273 homo
727 4211 830 4271 bonus
847 4205 1022 4271 secundum

234 4305 326 4352 suam
344 4296 492 4353 naturam
509 4294 621 4353 causat
641 4289 761 4353 malum
779 4291 884 4351 actum
908 4303 1023 4348 seeun-

234 4363 309 4428 ddm
323 4384 454 4430 morem.
468 4367 508 4430 lit
524 4368 584 4430 lroc
599 4367 704 4447 ipsum
721 4384 780 4445 per
793 4363 939 4428 accidens
955 4369 1020 4437 cst,

234 4448 270 4505 ut
282 4444 399 4506 dictum
413 4451 461 4508 est
478 4445 510 4506 in
526 4464 615 4524 corp.
631 4447 712 4518 art,
729 4448 759 4506 et
774 4459 827 4522 qu.
848 4443 897 4517 19,
913 4446 973 4505 art.
990 4444 1019 4504 o.

235 4523 401 4585 luvenitur
425 4526 530 4585 autem
546 4522 631 4602 qudd
653 4522 747 4585 eliam
769 4539 870 4582 unum
891 4527 1022 4583 contra-

234 4601 357 4663 riorum
370 4605 481 4665 causat
500 4601 587 4664 aliud
609 4618 665 4680 per
679 4599 846 4670 accidens,
868 4599 950 4660 sicut
968 4598 1022 4660 iri-

233 4679 341 4760 gidnm
355 4679 497 4744 exterius
508 4680 652 4743 ambiens
666 4677 808 4742 calefacit
821 4677 1022 4756 inquantum

232 4759 322 4822 calor
335 4759 510 4821 retrahitur
526 4759 564 4822 ad
583 4759 748 4821 interiora.

273 4837 319 4898 lld
333 4837 460 4900 tertium
487 4837 653 4900 dicendum
679 4835 764 4918 qudd
783 4835 903 4898 malum
924 4835 1021 4898 habet

233 4931 364 4979 causam
378 4915 576 4979 deficientem
588 4915 680 4980 aliter
696 4915 730 4976 in
752 4916 847 4976 rebus
864 4914 1021 4977 volunta-

232 4993 289 5056 riis
304 4999 335 5056 et
346 4995 560 5058 naturalibus.
573 4996 678 5075 Agens
691 4993 776 5056 enim
785 4993 933 5054 naturale
946 5011 1021 5071 pro-

231 5073 318 5138 ducit
327 5071 474 5138 ellectum
488 5085 582 5136 snum
597 5073 712 5146 talem,
730 5070 827 5150 quale
840 5071 943 5149 ipsum
959 5075 1019 5146 est,

232 5151 294 5213 nisi
312 5151 501 5231 impediatur
514 5155 556 5216 ab
570 5150 680 5230 aliquo
694 5150 892 5218 extrinseco:
915 5154 946 5211 et
960 5148 1021 5211 hoo

233 5227 339 5308 ipsum
354 5236 402 5293 cst
417 5231 547 5324 quidam
562 5229 701 5293 delectus
725 5229 806 5308 ejus.
825 5225 912 5290 Unde
934 5245 1021 5289 nun-

231 5305 330 5387 qudm
342 5315 489 5388 sequitur
500 5310 619 5371 malum
632 5307 665 5370 in
680 5305 804 5381 ellectu,
813 5306 875 5369 nisi
887 5307 1020 5386 praexi-

231 5394 295 5452 stal
306 5387 436 5468 aliquod
458 5386 544 5451 aliud
559 5386 679 5450 malum
694 5386 727 5448 in
740 5390 870 5467 agente,
889 5385 939 5448 vel
952 5402 1020 5448 ma-

266 5561 306 5633 (ll
322 5561 389 5619 God.
413 5561 528 5620 lirin:
555 5562 652 5618 ilatum
668 5571 751 5618 autent
774 5563 800 5616 in
819 5579 845 5618 rc
855 5561 954 5632 aliqud,
969 5579 1019 5618 nen

233 5639 316 5710 turma
329 5633 355 5687 in
369 5633 471 5718 proprio
482 5631 569 5702 effectu
580 5633 683 5703 nqcntic,
698 5643 815 5688 curratur
829 5631 977 5704 ancardoqnc
988 5650 1019 5690 cx

234 5709 324 5757 mrlrrtc
336 5714 440 5772 namna.

1129 829 1175 889 rld
1185 836 1336 908 quartum
1346 831 1627 912 dicendumquod
1637 835 1781 896 malum
1794 852 1863 899 non
1876 838 1929 904 lra-

1088 906 1142 967 bet
1153 925 1284 972 cansam
1299 929 1356 988 prr
1370 929 1423 985 se,
1439 912 1494 974 sed
1506 930 1573 993 per
1589 913 1769 976 accidens
1785 915 1926 993 numm,

1086 989 1122 1046 ut
1137 986 1315 1050 dictumest
1329 988 1362 1051 in
1379 1007 1418 1051 eo
1459 1034 1468 1052 .
1547 991 1550 996 “

1087 1064 1267 1130 Anniculus
1280 1009 1483 1130 1,‚„pgssm
1496 1087 1674 1132 summum
1690 1068 1832 1142 bertran,
1841 1079 1924 1155 quod

1125 1153 1169 1205 cst
1182 1144 1275 1214 Dens,
1291 1146 1333 1208 cit
1350 1166 1444 1209 causa
1454 1148 1539 1210 mali.
1559 1183 1608 1194 -
1626 1149 1679 1228 (3,
1693 1151 1782 1212 disc.
1794 1152 1856 1226 32,
1870 1173 1920 1235 qu.

1123 1219 1226 1292 Qarl.
1240 1225 1268 1297 1,
1281 1225 1453 1299 redierat,
1484 1234 1579 1288 uest.
1596 1227 1635 1303 3,
1647 1239 1724 1290 orl.
1743 1229 1776 1304 1,
1790 1231 1836 1293 od
1853 1235 1881 1307 1,
1893 1245 1934 1296 etv

1122 1299 1252 1442 ἔειπε,
1269 1301 1402 1464 copiast),
1416 1313 1445 1366 cl
1457 1244 1568 1382 tilla,
1589 1325 1675 1387 cop.
1695 1309 1762 1384 71,
1780 1312 1916 1374 adona.

1145 1397 1182 1448 ,c
1234 1399 1294 1443 em.
1329 1425 1337 1442 .
1376 1436 1379 1444 .

1125 1457 1169 1516 Ad
1196 1461 1372 1522 secundum
1401 1461 1447 1524 sin
1467 1461 1688 1542 proceditur.
1719 1463 1752 1528 1.
1779 1464 1913 1532 maeror

1082 1535 1340 1626 quddsummum
1362 1541 1504 1616 bonum,
1546 1541 1626 1604 uod
1657 1545 1715 1606 est
1737 1546 1851 1620 Deus,
1875 1551 1913 1610 sit

1082 1629 1179 1677 causa
1194 1616 1281 1678 mali.
1301 1618 1426 1681 Dicitur
1440 1560 1590 1683 enimqls.
1611 1619 1673 1696 15,
1688 1621 1711 1682 6
1729 1623 1792 1684 :E
1815 1629 1908 1690 ollo-

1080 1693 1194 1761 mium,
1209 1701 1238 1756 et
1252 1713 1318 1758 aen
1332 1705 1376 1760 cst
1390 1697 1472 1760 aller
1487 1699 1590 1770 Duco,
1608 1702 1774 1782 sormam
1789 1643 1906 1775 socon,

1080 1778 1109 1830 ct
1131 1789 1239 1834 ereum
1260 1775 1410 1845 tenebras,
1431 1777 1553 1916 gecione
1568 1797 1719 1858 pacem,
1747 1791 1779 1843 ct
1800 1801 1905 1846 creans

1079 1851 1258 1920 malumset
1274 1854 1370 1948 Amos
1385 1855 1415 1930 3,
1462 1855 1523 1918 :Si
1540 1857 1768 1951 accusarem
1779 1862 1817 1924 in
1830 1864 1903 1926 ciri·

1093 1930 1828 2085 ”ffffr‘fgssrlgfflfflfuzngfflg'mundae
1851 2039 1898 2082 re-

1078 2083 1208 2148 ducitur
1233 2089 1266 2150 in
1290 2107 1421 2152 causam
1440 2091 1594 2170 primam.
1628 2095 1771 2157 Bonum
1792 2106 1896 2159 aulem

1078 2167 1238 2229 csteausa
1251 2169 1344 2243 mali,
1357 2174 1395 2231 ul
1407 2170 1525 2231 dictum
1542 2175 1599 2233 est
1611 2177 1684 2233 art.
1701 2191 1804 2252 praee.
1819 2174 1892 2238 Crim

1078 2241 1176 2321 igitur
1189 2247 1294 2308 omnis
1315 2249 1390 2309 boni
1415 2264 1513 2310 eausa
1535 2250 1580 2311 sit
1604 2251 1724 2325 Deus,
1744 2259 1891 2333 utsupra

1077 2325 1243 2416 ostensum
1258 2328 1316 2396 est,
1326 2326 1422 2404 qud,
1434 2333 1494 2390 art.
1512 2328 1524 2388 l
1539 2333 1574 2389 et
1587 2326 1624 2404 la,
1634 2331 1799 2410 sequitur
1811 2334 1890 2412 quod

1076 2403 1173 2463 cltum
1187 2419 1282 2464 omne
1297 2405 1418 2466 malum
1429 2403 1505 2469 sitd
1521 2406 1608 2469 Deo.

1115 2478 1146 2539 3.
1159 2482 1334 2554 Praeterea,
1352 2483 1434 2545 sicut
1451 2484 1570 2547 dicitur
1589 2486 1627 2547 in
1642 2485 1666 2546 2
1680 2487 1798 2570 Phys„
1811 2494 1886 2552 tent.

1076 2555 1134 2628 30,
1149 2558 1231 2620 idem
1246 2567 1295 2623 est
1311 2579 1408 2624 causa
1428 2563 1540 2626 salutis
1557 2566 1663 2628 navis
1680 2573 1716 2628 el
1741 2569 1881 2647 periculi.

1076 2633 1136 2696 Sed
1159 2637 1244 2700 Deus
1266 2643 1314 2702 est
1331 2655 1430 2704 causa
1448 2641 1562 2705 salutis
1581 2645 1744 2706 omnium
1767 2665 1881 2708 rerum.

1075 2713 1101 2774 E
1141 2730 1161 2776 o
1177 2720 1226 2778 est
1237 2718 1305 2796 ipsc
1319 2735 1417 2782 causa
1425 2721 1529 2781 omnis
1538 2723 1746 2800 perditionis
1757 2730 1790 2786 et
1799 2725 1880 2786 mali.

1090 2870 1097 2886 ,
1137 2793 1176 2855 ed
1200 2800 1313 2859 contra
1336 2802 1385 2860 est
1409 2799 1495 2877 qnod
1516 2799 1595 2862 dicit
1618 2802 1829 2882 Augustinus
1849 2805 1879 2866 in

1076 2870 1132 2932 lrb.
1143 2871 1183 2933 83
1193 2873 1271 2948 QQ,
1286 2892 1342 2954 qu.
1359 2875 1409 2948 21,
1420 2877 1506 2956 qudd
1517 2879 1605 2940 Deus
1620 2891 1756 2943 nonest
1774 2891 1873 2943 auctor

1077 2949 1164 3018 molt,
1178 2951 1252 3032 quio
1265 2973 1329 3014 non
1342 2963 1384 3016 cst
1398 2974 1491 3017 cansa
1504 2957 1664 3021 tendendi
1676 2959 1722 3021 nd
1732 2978 1796 3022 nen
1808 2978 1873 3020 esar.

1115 3028 1303 3109 despondeo
1315 3031 1482 3096 dicendum
1505 3035 1619 3114 qudd,
1635 3037 1724 3100 sicut
1736 3057 1778 3100 ex
1791 3038 1874 3100 dictis

1075 3111 1193 3201 patet,
1209 3112 1270 3171 art.
1293 3128 1408 3189 praec,
1430 3112 1552 3178 malum
1575 3115 1672 3194 quod
1698 3116 1733 3176 in
1759 3116 1872 3178 delectu

1076 3191 1212 3250 aclronrs
1235 3191 1399 3260 consistit,
1423 3209 1550 3270 semper
1572 3199 1740 3258 caussatur
1758 3213 1798 3256 cx
1816 3195 1871 3255 de-

1077 3261 1192 3328 iectua
1215 3267 1309 3329 entis.
1330 3267 1367 3330 ln
1388 3269 1455 3330 Deo
1478 3275 1587 3333 aulem
1605 3267 1723 3335 nullus
1737 3272 1870 3334 detectus

1076 3345 1137 3417 cst,
1148 3361 1183 3406 se
1217 3362 1341 3408 summa
1355 3347 1526 3426 perfectio,
1539 3355 1576 3411 ut
1592 3367 1700 3430 supra
1712 3355 1867 3413 ostensum

1076 3426 1145 3495 ost,
1161 3439 1216 3500 qu.
1230 3421 1249 3483 d
1264 3442 1322 3503 per
1335 3429 1392 3486 tot.
1413 3425 1501 3489 Unde
1524 3429 1652 3491 malum
1667 3429 1756 3509 qnod
1772 3430 1802 3489 in
1816 3429 1868 3488 de·

1077 3497 1161 3561 lectu
1175 3501 1310 3564 actionis
1326 3503 1489 3577 consistit,
1507 3506 1557 3567 vel
1570 3507 1664 3586 qnod
1688 3527 1730 3570 ex
1752 3506 1865 3570 delecta

1076 3579 1200 3658 agentis
1215 3585 1378 3658 causatur,
1392 3599 1458 3643 non
1469 3583 1644 3648 reducitur
1658 3587 1693 3648 in
1715 3587 1814 3648 Deum
1827 3585 1864 3646 si·

1076 3659 1130 3719 cut
1145 3657 1331 3720 incausam.
1867 3682 1870 3690 ·

1116 3733 1175 3797 Sed
1184 3737 1302 3798 malum
1316 3737 1401 3818 qnod
1411 3738 1443 3800 in
1456 3741 1670 3820 corruptione
1685 3757 1792 3804 rerum
1806 3739 1862 3802 ali-

1076 3828 1215 3905 quarum
1235 3815 1399 3892 consistit,
1423 3817 1590 3881 reducitur
1613 3822 1648 3882 in
1667 3820 1768 3882 Deum
1787 3819 1860 3880 sicut

1078 3907 1110 3951 cn
1122 3908 1263 3954 causam.
1277 3893 1316 3955 Et
1331 3893 1392 3956 hoc
1407 3901 1492 3974 patet
1511 3901 1576 3959 tarn
1593 3900 1629 3959 in
1646 3898 1856 3964 naturalibus,

1076 3966 1173 4046 quam
1195 3971 1227 4032 in
1249 3972 1449 4034 voluntariis.
1471 3973 1599 4037 Dictum
1623 3981 1674 4039 est
1699 3977 1856 4048 enim,art.

1076 4048 1230 4126 prneed,
1256 4050 1340 4128 qudd
1363 4051 1494 4129 aliquod
1526 4070 1629 4134 agens
1653 4057 1687 4117 in
1711 4059 1855 4134 qnantum

1076 4125 1136 4188 sud
1163 4126 1278 4190 virtute
1304 4129 1451 4208 producit
1477 4129 1624 4211 aliquam
1658 4133 1790 4202 termam
1818 4127 1852 4190 ad

1076 4207 1853 4366 llllllll‘lfallllltlt„lllllsdll

1074 4361 1278 4424 llanileslum
1301 4368 1349 4426 est
1384 4367 1492 4426 autem
1517 4365 1604 4443 qudd
1631 4367 1732 4429 torma
1763 4377 1848 4442 quam

1074 4440 1846 4585 111111111111111211211111

1075 4596 1161 4658 versi
1177 4597 1329 4676 requirit,
1345 4603 1381 4660 ut
1395 4541 1627 4678 suprrfdte‘tum
1639 4540 1712 4675 {sall}
1727 4541 1785 4736 equ·
1796 4593 1845 4663 18,

1073 4678 1135 4736 ort.
1156 4674 1187 4746 2,
1202 4681 1233 4737 et
1253 4682 1366 4755 quaest.
1379 4675 1435 4750 22,
1451 4685 1512 4742 art.
1527 4679 1547 4738 2
1563 4679 1603 4742 nd
1618 4679 1654 4754 2,
1669 4678 1732 4758 qud
1761 4689 1844 4752 qne-

1074 4751 1146 4814 dam
1164 4754 1229 4816 sint
1274 4773 1325 4818 ure
1337 4753 1471 4818 delicere
1491 4759 1633 4836 possint,
1650 4763 1682 4820 et
1701 4749 1843 4818 interdum

1074 4831 1231 4894 deficiant.
1247 4773 1287 4894 fit
1301 4834 1347 4896 sie
1361 4835 1446 4896 Deus
1462 4835 1495 4896 in
1508 4838 1604 4898 rebus
1617 4833 1775 4900 causando
1788 4831 1841 4890 Μ’

1074 4927 1150 4970 num
1175 4911 1296 4974 ordinis
1317 4913 1479 4987 universi,
1502 4931 1544 4976 ex
1582 4907 1782 5005 consequenti
1814 4905 1839 4964 tt

1073 4990 1166 5066 quasi
1186 5008 1243 5068 per
1263 4989 1410 5053 accidens
1428 4997 1539 5054 causat
1555 4999 1769 5072 corruptiones
1790 5001 1840 5045 nr

1073 5084 1167 5138 rum,
1183 5065 1357 5130 secunddm
1372 5068 1450 5131 illud
1467 5070 1552 5148 quod
1568 5071 1683 5133 dieitur
1696 5071 1710 5129 1
1724 5069 1792 5144 llcg.
1804 5059 1835 5125 2.

1072 5144 1092 5204 d
1112 5164 1121 5204 ι
1138 5147 1288 5208 Donrinua
1303 5147 1471 5230 mortificat
1485 5157 1512 5209 ct
1525 5148 1672 5231 vivificat.
1687 5143 1742 5209 Sed
1763 5133 1836 5220 q¹¹⁰¹¹

1073 5221 1189 5285 dicitur
1203 5223 1276 5318 Sap.
1293 5225 1323 5298 1,
1340 5225 1388 5300 13,
1403 5225 1489 5303 qudd
1502 5227 1585 5288 Deus
1596 5237 1719 5290 mortem
1731 5237 1787 5282 nor
1797 5217 1835 5296 sr-

1074 5301 1128 5368 cit.
1152 5302 1340 5383 intelligitur
1357 5305 1452 5382 qnasi
1472 5323 1530 5384 per
1555 5325 1589 5368 se
1615 5307 1770 5368 intentam·
1794 5288 1832 5354 ld

1072 5381 1217 5441 ordinem
1231 5386 1339 5448 autem
1353 5383 1496 5445 universi
1512 5386 1649 5463 pertinet
1668 5383 1756 5445 etiam
1767 5370 1833 5434 ord⁰

1069 5457 1292 5600 littra
1307 5461 1831 5605 llllltltllltlllll

1072 5615 1148 5677 mali
1188 5615 1249 5678 uod
1263 5623 1437 5695 estpoena,
1459 5636 1522 5680 non
1547 5628 1652 5683 autem
1672 5613 1740 5676 mali
1757 5599 1829 5684 tl¹¹⁰d

1071 5698 1119 5756 est
1134 5633 1246 5766 cqua,
1263 5695 1386 5760 ratione
1400 5715 1498 5778 supra
1511 5697 1593 5764 dictd
1608 5699 1641 5762 in
1653 5695 1742 5776 princ.
1753 5698 1826 5757 corp·
