4008 6346
272 305 321 370 Ubi
781 301 910 363 SUMUAE
929 295 1157 361 lnuotoolcm
1175 301 1263 360 PARS
1280 255 1395 362 butun.
1892 299 1945 364 Μ

271 423 358 486 enim
377 421 538 496 timemus,
559 413 636 482 dnm
654 417 771 482 lutura·
787 421 873 492 sunt,
884 418 923 480 de
942 419 1060 496 quibus
1114 433 1172 480 aer
1185 417 1244 479 iste
1258 435 1323 480 non
1334 418 1856 499 sitlocuspoenalisdumonum.
1869 418 1944 482 Ilo·

271 501 427 574 dolemus,
442 497 518 562 dirm
534 499 704 594 presentia
717 501 803 560 sunt.
817 497 876 559 Sed
889 498 922 558 in
937 497 1061 559 daemo-
1113 512 1189 557 mon
1202 495 1287 557 enim
1300 502 1349 559 est
1366 497 1483 562 natnrd
1497 500 1681 578 spiritualis.
1702 499 1857 560 Natura
1872 515 1943 560 au-

271 581 366 642 nihns
384 585 508 642 nonest
523 587 629 648 timor,
644 578 818 640 secundnm
832 577 912 637 illud
923 577 994 636 Joh.
1008 575 1059 650 tt,
1112 578 1177 635 tem
1187 575 1362 652 spiritualis
1376 595 1440 638 non
1451 577 1589 640 afficitur
1599 579 1678 641 loco.
1689 578 1804 656 Ergo
1821 577 1941 640 nnflns

270 657 327 718 bt:
340 660 460 720 Fcctns
470 667 514 719 est
527 666 564 719 nt
575 656 698 718 nultum
707 657 836 718 timeret.
851 656 935 736 Ergo
948 655 982 716 in
993 655 1062 718 dae-
1113 653 1202 715 locus
1218 657 1266 716 est
1282 653 1479 718 demonibus
1493 658 1641 736 poenalis.

270 738 419 800 monibus
435 742 564 800 nonest
579 737 681 798 dolor.
1151 731 1181 792 2.
1192 734 1359 807 Praeterea,
1370 740 1536 813 peccatum
1544 737 1682 798 hominis
1692 751 1780 796 non
1793 737 1853 795 est
1864 753 1940 814 gra·

310 813 340 875 3.
356 818 523 890 Preterea,
533 817 641 878 dolere
650 815 689 876 de
700 814 785 876 malo
795 816 844 876 est
854 816 992 874 bonnm:
1000 813 1059 876 Sed
1111 811 1182 872 rius
1198 810 1296 950 qludm
1309 818 1475 890 peccatum
1485 814 1648 878 demonis.
1660 814 1725 876 Sed
1743 815 1858 874 locus
1872 833 1940 891 pne·

270 893 428 957 dromones
446 912 511 958 nou
525 899 661 974 possunt
674 891 754 956 bend
767 892 881 955 lacere.
892 893 976 973 Ergo
993 911 1059 954 non
1111 887 1193 952 nalis
1231 891 1808 987 ominisestinlernus.Urgomultd
1825 895 1936 972 magis

270 978 407 1052 possunt
415 973 522 1034 dolere
532 973 571 1035 ad
584 974 690 1035 minus
698 971 736 1032 de
744 971 830 1033 malo
844 972 961 1050 culpam
972 972 1058 1050 quod
1110 967 1280 1042 demonis3
1298 987 1375 1048 ergo
1390 987 1454 1032 non
1475 989 1532 1034 aer
1551 973 1777 1052 caliginosus.

271 1054 408 1130 pertinet
419 1052 458 1116 ad
473 1071 613 1114 vermem
624 1050 839 1115 eonscientiae.
1044 1117 1048 1128 ,
1148 1045 1178 1106 3.
1207 1048 1380 1121 Proteum,
1404 1049 1563 1114 demones
1594 1052 1798 1129 puniuntur
1831 1049 1934 1130 pont

310 1130 369 1192 Sed
384 1138 495 1194 contra
512 1135 560 1192 est
576 1128 996 1208 qnddpoccatumdaemonis
1010 1134 1058 1192 est
1109 1124 1119 1185 i
1145 1126 1204 1188 nis.
1221 1125 1281 1188 Sed
1298 1127 1331 1187 in
1354 1144 1428 1190 acre
1447 1129 1623 1209 caliginoso
1645 1148 1713 1192 non
1742 1135 1805 1190 est
1829 1131 1933 1209 ignis.

270 1210 399 1288 gravius
439 1208 692 1288 udmpeccutnm
715 1207 865 1298 hominis.
881 1207 940 1268 Sed
961 1208 1057 1271 homo
1136 1221 1193 1284 rgo
1204 1221 1260 1267 ner
1273 1206 1466 1286 caliginosus
1478 1226 1543 1272 non
1554 1215 1602 1272 est
1612 1210 1701 1272 locus
1718 1225 1848 1290 poenae
1866 1208 1931 1270 dm-

269 1290 402 1365 punitur
416 1229 528 1350 dolore
547 1305 606 1366 pro
623 1288 831 1348 delectatione
849 1287 985 1382 peccati,
999 1305 1058 1350 sc·
1109 1299 1251 1344 monum.

269 1365 408 1428 curidum
419 1367 497 1428 illud
510 1369 608 1446 Apoc.
625 1365 673 1438 18,
687 1365 717 1424 7.
734 1363 1057 1446 Qnontnmqlorifica·
1147 1361 1206 1424 Sed
1221 1367 1331 1426 contra
1344 1368 1392 1424 est
1402 1365 1489 1444 qudd
1501 1366 1550 1427 Au
1598 1367 1702 1429 stinus
1712 1367 1823 1438 dicit,
1835 1365 1858 1426 3
1869 1383 1930 1427 su-

268 1445 316 1506 nit
329 1462 371 1513 se,
388 1454 415 1506 et
429 1446 465 1506 in
480 1444 601 1506 deliciis
615 1445 689 1584 {tin
714 1440 835 1503 tcntdm
857 1442 927 1504 date
940 1445 967 1504 ei
983 1453 1058 1506 tor·
1107 1457 1165 1519 per
1180 1441 1294 1502 Genes.
1308 1442 1348 1504 ad
1364 1443 1437 1517 litt,
1448 1460 1518 1522 cap.
1535 1445 1551 1505 1
1577 1445 1619 1518 ‚d
1634 1447 1736 1514 med..
1758 1444 1861 1525 quod
1875 1461 1932 1506 ner

268 1532 404 1584 mentum
424 1533 451 1586 ct
475 1523 603 1584 luctum.
646 1539 702 1603 rgo
718 1520 818 1582 multd
832 1521 933 1600 magis
947 1522 1056 1584 diaho·
1109 1518 1299 1597 caliginosus
1317 1529 1360 1580 est
1375 1523 1465 1612 qnasi
1480 1539 1587 1584 carcer·
1600 1523 1812 1587 demonibus
1826 1542 1930 1604 usquc

242 1601 333 1674 ·lns‚
361 1602 416 1680 qui
446 1601 585 1664 maxime
614 1619 649 1664 se
684 1599 892 1682 glorificavit,
922 1602 1056 1680 punitur
1108 1595 1435 1738 adtempnsjndictis

269 1679 389 1743 doloris
403 1683 501 1743 luctu.
1146 1677 1272 1755 Respon
1294 1693 1333 1738 eo
1354 1677 1522 1742 dicendum
1543 1681 1628 1758 qudd
1644 1682 1770 1761 Angeli
1789 1699 1925 1743 sccun-

308 1760 496 1838 llespondeo
524 1759 691 1821 dicendum
713 1757 798 1836 qudd
824 1758 930 1832 timor,
946 1757 1053 1820 dolor.
1106 1749 1182 1815 dom
1195 1773 1286 1817 sunm
1302 1761 1451 1820 naturam
1475 1759 1569 1820 medii
1582 1766 1657 1821 sunt
1677 1761 1775 1822 inter
1793 1761 1923 1832 Deum,

268 1838 419 1916 gaudium
433 1845 462 1900 et
480 1838 673 1918 hujusmodi,
692 1835 867 1898 secundom
881 1837 966 1914 qudd
980 1841 1056 1898 sunt
1106 1837 1139 1894 ct
1159 1833 1317 1897 homines.
1332 1835 1434 1898 Habet
1448 1841 1556 1900 autem
1574 1839 1779 1901 hocdiviuue
1801 1839 1922 1916 provi-

268 1918 447 1994 passiones,
473 1918 505 1978 in
525 1916 721 1979 demonibus
735 1933 805 1976 esse
820 1929 884 1975 non
902 1921 1053 1993 possunt;
1105 1910 1219 1975 dentiae
1245 1917 1328 1976 ratio
1355 1915 1441 1993 qnod
1465 1915 1653 1978 inferiorum
1689 1918 1831 1979 bonum
1862 1935 1921 1994 per

267 1995 314 2056 sic
341 1997 427 2056 enim
457 2001 532 2056 sunt
559 1993 687 2073 proprie
714 1991 872 2072 appelitds
893 1995 1052 2068 consilini,
1106 1991 1274 2068 superiora
1292 1999 1493 2072 procuretur.
1511 1995 1633 2057 Bonum
1651 2001 1770 2057 antem
1797 1995 1920 2055 honri-

267 2074 324 2150 qui
338 2078 386 2134 est
400 2076 500 2135 virtus
520 2074 554 2134 in
575 2090 698 2153 organo
724 2072 894 2150 corporali.
921 2072 980 2133 Sed
1001 2091 1055 2134 se-
1106 2069 1155 2130 nis
1169 2071 1335 2150 dupliciter
1349 2077 1541 2150 procuratur
1554 2091 1610 2151 per
1623 2074 1776 2136 divinam
1793 2073 1916 2152 provi·
1988 2129 1989 2134 ,

267 2151 405 2212 cnnddm
417 2152 504 2231 qudd
516 2153 684 2214 nominant
698 2151 856 2227 simplices
878 2156 968 2212 actus
989 2168 1054 2214 vo-
1105 2146 1257 2211 dentiam.
1284 2151 1354 2213 Uno
1388 2151 1481 2211 modo
1508 2150 1642 2227 directe,
1671 2149 1753 2224 ditm
1786 2152 1916 2213 scilicet

265 2230 411 2304 luntatis,
428 2233 474 2292 sic
495 2235 631 2308 possunt
652 2247 722 2291 esse
742 2230 775 2289 iu
792 2227 1000 2291 demonibus.
1014 2230 1054 2290 Et
1106 2225 1223 2304 aliquis
1244 2228 1406 2291 inducitur
1421 2230 1459 2292 ad
1483 2231 1614 2305 bonurn,
1636 2235 1667 2292 et
1687 2227 1912 2292 retrahiturd

269 2325 401 2370 necesse
414 2313 462 2370 est
474 2309 578 2370 dicere
622 2307 685 2371 ndd
700 2308 732 2368 in
754 2307 800 2368 eis
814 2307 862 2370 sit
881 2307 983 2382 dolor,
995 2325 1053 2370 se-
1106 2305 1209 2378 mulo;
1225 2312 1257 2368 ct
1268 2309 1330 2370 hoc
1345 2307 1494 2370 decenter
1503 2307 1538 2368 bt
1548 2327 1608 2404 per
1617 2312 1667 2370 An
1687 2301 1765 2371 elos
1779 2311 1909 2380 bonos;

269 2385 410 2447 cunddm
421 2387 506 2464 qnod
521 2327 679 2466 signibcat
696 2385 872 2464 simplicem
884 2391 991 2448 actum
1003 2405 1054 2450 vo
1104 2385 1169 2444 alio
1196 2386 1290 2447 modo
1318 2385 1488 2460 indirecte,
1520 2389 1595 2448 dum
1629 2328 1755 2450 sufficet
1785 2388 1911 2464 aliquis

265 2463 416 2536 luntrium
433 2465 478 2528 sic
494 2463 837 2527 enimnihilestaliud
853 2463 952 2542 qnam
968 2467 1053 2527 reni·
1105 2468 1274 2525 exercetur
1295 2465 1339 2526 im
1362 2471 1500 2545 ugnatus
1536 2485 1594 2544 per
1617 2466 1907 2546 impugnationem

261 2560 321 2604 sus
336 2543 509 2606 voluntatis
532 2543 617 2606 adid
640 2543 726 2621 qnod
743 2547 802 2616 est,
824 2543 873 2605 vel
899 2562 964 2605 non
992 2549 1051 2606 cst.
1104 2543 1277 2617 contrarii3
1292 2548 1324 2605 et
1340 2483 1427 2606 bunc
1448 2545 1708 2636 procurationem
1736 2545 1822 2607 boni
1843 2545 1909 2604 hu-

264 2622 354 2683 Patet
371 2628 479 2686 autem
507 2623 593 2706 quod
618 2621 776 2684 dromones
805 2622 905 2684 multa
935 2623 1053 2685 vellent
1104 2622 1191 2681 niani
1206 2621 1649 2703 conveniensiurtpermalos
1664 2624 1807 2702 angelos
1821 2623 1903 2696 lieri,
1988 2681 1989 2684 ,

265 2717 330 2760 non
344 2718 425 2774 esse,
441 2719 513 2779 quse
527 2706 612 2776 suut,
628 2705 659 2762 ct
676 2719 758 2773 csse,
782 2718 855 2777 queo
875 2718 941 2762 non
964 2708 1050 2764 sunt.
1105 2716 1144 2757 nc
1159 2699 1300 2762 totaliter
1312 2705 1385 2780 post
1399 2706 1563 2778 peccatum
1578 2705 1619 2765 ab
1635 2703 1779 2765 utilitate
1800 2708 1905 2762 natu-

264 2777 390 2840 Vellent
401 2780 499 2851 cuim,
514 2779 586 2842 crim
610 2782 674 2842 sint
695 2779 805 2852 invidi,
828 2780 973 2842 damnari
996 2799 1051 2842 eos
1103 2777 1179 2837 ralis
1193 2777 1313 2840 ordinis
1328 2780 1522 2842 exciderent.
1538 2781 1589 2843 Sic
1601 2798 1678 2861 crgo
1692 2781 1903 2843 demonibus
1988 2839 1989 2854 q

140 2877 145 2884 ⁴
265 2856 322 2936 qui
351 2858 528 2920 salvantur.
555 2860 642 2922 Unde
675 2862 799 2935 oportet
830 2857 934 2918 dicere
966 2859 1052 2951 qndd
1103 2853 1219 2932 duplex
1235 2857 1324 2919 locus
1343 2859 1640 2936 poeualisdebetnr;
1660 2877 1748 2921 unus
1766 2860 1901 2938 quidem
1988 2855 1989 2890 ³

265 2935 298 2994 in
315 2935 361 2997 eis
375 2937 415 2998 sil
429 2937 536 3008 dolor;
556 2945 587 2998 et
606 2935 764 3016 precipue
777 2938 854 3013 quie
874 2936 912 2996 de
927 2942 1051 3000 retrone
1103 2935 1228 2996 ratione
1240 2952 1306 2997 sne
1323 2936 1435 3015 culpo,
1455 2941 1486 2999 et
1502 2937 1553 3000 hic
1567 2944 1615 2999 est
1629 2938 1800 3012 internus3
1816 2938 1900 2999 alins

264 3031 365 3091 poenae
380 3015 528 3093 estquod
548 3015 705 3078 voluntati
729 3019 896 3094 repugnet.
912 3015 1053 3079 Privan-
1103 3021 1211 3074 autem
1226 3015 1352 3075 ratione
1367 3017 1604 3080 exercitationis
1619 3017 1786 3090 humane,
1808 3023 1841 3078 et
1852 3015 1898 3076 sic
1988 3023 1989 3080 l

265 3095 318 3153 tur
329 3093 424 3156 etiam
436 3094 641 3166 heatitudine,
664 3112 762 3173 quam
778 3094 968 3155 naturaliter
990 3110 1052 3172 ap-
1103 3090 1236 3153 debetur
1254 3093 1300 3154 eis
1327 3092 1521 3174 caliginosus
1539 3111 1606 3158 ner.
1628 3095 1824 3158 Pmcnratio
1843 3111 1899 3155 an·

264 3175 394 3248 petunt;
412 3173 489 3234 etin
510 3173 618 3236 multis
634 3168 747 3236 eornm
767 3173 879 3250 iniqua
900 3172 1050 3237 voluntas
1102 3172 1165 3230 tem
1188 3171 1299 3233 salutis
1320 3172 1469 3235 humanu
1490 3174 1692 3252 protenditur
1720 3191 1833 3254 nsque
1858 3171 1896 3234 ad

264 3249 440 3312 cohibetur.
1102 3246 1185 3310 diem
1197 3249 1318 3328 judicii.
1338 3251 1425 3313 Unde
1448 3256 1479 3315 et
1500 3270 1604 3332 usque
1627 3257 1704 3315 tunc
1717 3253 1819 3315 durat
1832 3251 1896 3311 mi-

303 3327 349 3388 Ad
367 3331 506 3407 primum
519 3349 595 3412 ergo
617 3329 784 3393 dicendum
799 3329 884 3408 qudd
898 3331 1051 3410 gaudium
1102 3327 1269 3390 nisterium
1283 3329 1478 3409 Angelorum
1503 3335 1534 3393 ct
1555 3333 1745 3394 exercitatio
1770 3332 1896 3393 dumo-

265 3410 297 3468 ct
311 3406 401 3469 dolor
416 3409 454 3470 de
472 3409 583 3472 eodem
598 3414 673 3472 sunt
687 3426 728 3486 op
752 3409 845 3480 osita.
860 3426 925 3469 non
943 3415 1050 3472 annm
1100 3421 1191 3466 num.
1217 3407 1303 3470 Unde
1330 3413 1360 3469 ct
1384 3426 1487 3487 nsque
1517 3415 1594 3472 tunc
1620 3415 1652 3471 et
1676 3411 1755 3472 honi
1780 3412 1831 3470 Au
1852 3405 1892 3470 eil

264 3485 303 3546 de
315 3485 460 3549 diversis.
476 3488 564 3550 Unde
576 3489 656 3550 nihil
673 3427 820 3567 prohibet
838 3504 939 3547 unum
954 3489 1051 3550 simul
1102 3483 1142 3545 ad
1156 3502 1214 3546 nos
1234 3483 1296 3577 hirc
1316 3487 1504 3560 mittuntur,
1526 3492 1557 3550 et
1582 3489 1743 3550 doemones
1770 3489 1805 3550 in
1833 3427 1892 3548 {oo

264 3563 372 3626 dolere
385 3565 424 3626 de
437 3583 515 3639 uno,
534 3570 566 3628 et
602 3567 720 3630 audere
731 3567 770 3627 de
787 3565 867 3638 alio;
893 3571 924 3627 el
944 3567 1052 3629 maxi-
1102 3578 1176 3625 aere
1189 3564 1363 3644 caliginoso
1379 3571 1454 3627 sunt
1467 3566 1507 3628 ad
1522 3572 1668 3628 nostrum
1680 3566 1890 3634 exercitium,-

262 3641 312 3702 me
328 3641 503 3705 secunddm
516 3585 601 3724 qndfl
620 3645 751 3706 doloret
762 3643 1053 3724 gandiumimpor-
1101 3639 1175 3703 licet
1203 3660 1315 3704 corum
1337 3643 1438 3722 aliqui
1468 3645 1564 3708 etiam
1590 3646 1735 3707 nuncin
1767 3644 1889 3706 interno

262 3722 332 3780 tent
348 3721 506 3814 simplices
522 3723 811 3794 uoluntatisaclus3
828 3723 906 3800 qnia
919 3741 1051 3786 nouso-
1101 3721 1166 3781 sint
1179 3722 1219 3782 ad
1239 3723 1454 3801 torquendum
1475 3741 1529 3785 eos
1548 3741 1629 3803 qnos
1644 3723 1683 3786 ad
1699 3725 1818 3786 malum
1837 3723 1888 3782 in-

261 3793 330 3858 ldm
344 3799 376 3860 iu
390 3799 599 3872 emersisset}
615 3801 755 3863 etiamiu
769 3799 834 3862 uod
846 3805 876 3862 et
890 3801 1000 3864 eadem
1013 3820 1050 3865 re
1100 3797 1278 3874 duxerunt;
1306 3801 1389 3863 sicut
1409 3808 1440 3862 et
1461 3802 1561 3879 aliqui
1583 3805 1658 3865 boni
1683 3807 1731 3864 An
1757 3804 1797 3864 eli
1814 3802 1887 3862 sunt

262 3881 366 3966 potest
382 3896 453 3940 esse
466 3879 587 3957 aliquid
605 3880 691 3959 quod
707 3880 868 3952 volumus,
885 3885 915 3940 ct
927 3879 1049 3960 aliquid
1101 3893 1174 3938 cum
1198 3879 1366 3942 animabus
1395 3882 1512 3942 sanctis
1543 3881 1576 3942 in
1604 3882 1694 3943 coelo.
1749 3883 1789 3943 ed
1819 3884 1889 3958 post

262 3957 348 4034 quod
363 3957 524 4020 nolumus.
1100 3955 1183 4017 diem
1190 3956 1301 4037 judicii
1316 3973 1427 4020 omnes
1440 3961 1516 4022 mali
1534 3963 1599 4022 tam
1625 3959 1772 4020 homines
1793 3957 1886 4037 qndm

302 4036 347 4095 Ad
363 4037 536 4099 secundnm
550 4035 716 4100 dicendum
733 4037 818 4116 qudd
835 4037 918 4099 sicut
931 4037 965 4097 in
979 4035 1050 4100 dn-
1100 4035 1214 4114 Angcli
1230 4035 1262 4098 in
1282 4035 1409 4098 interno
1423 4042 1528 4110 crunt,
1544 4038 1620 4099 honi
1646 4038 1721 4100 verd
1741 4037 1775 4098 in
1799 4037 1883 4099 coelo.

261 4115 408 4176 monibus
423 4120 471 4177 est
484 4114 575 4177 dolor
584 4117 622 4177 de
631 4117 792 4194 prasenti,
804 4118 849 4177 ite
861 4119 893 4177 et
907 4117 1002 4177 timor
1010 4116 1048 4178 de
1141 4113 1187 4174 Ad
1201 4115 1340 4192 primum
1352 4133 1387 4176 er
1408 4116 1605 4178 odicendnm
1618 4117 1703 4195 quod
1717 4118 1809 4177 locus
1825 4131 1885 4175 non

260 4189 379 4253 iuturo.
401 4195 492 4268 Quod
509 4200 616 4258 antem
640 4195 780 4257 dicitur:
801 4195 919 4256 Factus
941 4203 985 4256 est
1012 4202 1049 4254 nt
1100 4134 1632 4273 cstpoenalisAngefqautanimte,
1665 4195 1884 4256 uasiafficiens
1987 4251 1988 4258 ,

150 4327 156 4338 ,
260 4270 384 4331 nullum
411 4274 546 4352 timeret,
580 4275 769 4354 intelligitur
795 4273 833 4334 de
858 4273 972 4334 timore
990 4272 1048 4334 Dei
1100 4270 1637 4352 alterandouaturam,sedqnasia
1673 4274 1885 4337 cieusvolun·
1987 4345 1988 4350 ἵ

261 4348 429 4412 cohibente
446 4349 621 4430 dpoccato.
634 4353 716 4414 Alibi
735 4369 875 4431 numque
892 4352 1048 4429 scriptum
1099 4351 1196 4411 tatem
1211 4351 1439 4423 contristando,
1461 4350 1535 4413 ddm
1549 4353 1700 4433 Angelus,
1716 4353 1767 4414 vel
1782 4353 1883 4414 noima

259 4431 319 4498 est,
347 4427 413 4489 tac.
438 4429 468 4500 2,
493 4431 541 4502 19,
563 4431 649 4510 qudd
673 4430 823 4492 demones
856 4429 997 4498 credunt,
1019 4438 1048 4491 ct
1100 4429 1310 4514 apprehendit
1326 4447 1361 4492 sc
1375 4449 1445 4493 esse
1462 4431 1493 4491 in
1516 4430 1588 4492 loco
1603 4449 1669 4492 non
1686 4427 1883 4494 convenienti
1987 4425 1988 4456 ³

261 4505 514 4569 contremiscunt.
1100 4508 1347 4571 suaevoluntati.
1987 4573 1988 4579 χ

300 4584 346 4648 Ao
361 4586 490 4646 tertium
504 4586 671 4649 dicendum
685 4585 772 4663 qudd
786 4586 893 4648 dolere
910 4585 948 4648 dc
963 4587 1047 4649 malo
1139 4585 1185 4646 Ad
1207 4587 1382 4648 secundum
1402 4586 1571 4652 dicendum
1591 4587 1677 4668 qudd
1699 4589 1809 4653 anima
1832 4607 1882 4648 se-

259 4662 505 4743 culptepropter
520 4669 738 4729 coattestatur
758 4665 932 4726 voluntatis
953 4666 1049 4726 boni·
1100 4661 1239 4726 cunddm
1260 4666 1404 4727 ordinem
1420 4671 1544 4730 naturae
1565 4686 1629 4730 non
1652 4667 1820 4746 prtelertnr
1834 4667 1882 4728 nl-

229 4753 231 4760 ’
259 4742 333 4815 tati,
363 4743 413 4805 cni
446 4744 566 4807 malum
594 4746 695 4823 culpae
719 4744 909 4823 opponitur;
940 4743 1047 4807 dolere
1099 4742 1158 4804 teri
1182 4745 1313 4819 auimto,
1338 4746 1421 4807 sicut
1445 4747 1604 4808 doemones
1631 4747 1743 4809 ordine
1764 4753 1881 4809 nature

259 4822 415 4884 autemde
428 4824 513 4886 malo
522 4841 634 4903 poense,
648 4825 701 4886 vel
711 4824 749 4885 de
761 4825 845 4885 rnnlo
855 4823 957 4902 cnlptc
969 4842 1049 4903 pro-
1099 4820 1313 4900 praeiernutur
1326 4824 1522 4888 hominihus.
1535 4825 1624 4888 Unde
1636 4831 1760 4888 nonest
1773 4823 1879 4886 similis

258 4905 329 4977 pter
341 4919 467 4978 poenam
490 4907 659 4964 attestatur
682 4903 816 4965 bonitati
838 4909 971 4975 nature,
995 4903 1047 4964 cni
1101 4901 1195 4963 ratio.

257 4979 378 5040 malum
400 4999 503 5059 poeuae
527 4983 712 5060 opponitur.
737 4980 826 5044 Unde
847 4981 1046 5060 Augustinus
1139 4979 1185 5040 Ad
1208 4979 1337 5041 tertium
1358 4981 1526 5044 dicendum
1550 4983 1636 5062 qudd
1662 4983 1763 5062 aliqui
1791 4983 1881 5044 dixe-

257 5057 343 5130 dicit,
362 5059 400 5120 19
414 5059 452 5122 de
470 5059 562 5122 civit.
577 5060 646 5133 Dei,
664 5077 734 5140 cap.
756 5059 812 5133 13,
841 5068 914 5138 post
941 5061 1045 5132 med,
1098 5063 1190 5129 runt,
1208 5062 1369 5138 usquead
1389 5062 1473 5123 diem
1498 5061 1608 5140 J'ndicii
1628 5061 1746 5124 differri
1760 5075 1879 5140 punam

256 5135 342 5212 qndd
365 5137 573 5201 dotoroms'sn'
588 5137 663 5201 honi
672 5140 708 5202 in
729 5139 889 5236 supplicio
901 5139 988 5200 testis
1003 5149 1047 5200 est
1099 5137 1283 5199 sensibilem
1303 5141 1367 5200 tam
1382 5140 1562 5202 daemonum
1575 5140 1673 5218 qudm
1687 5141 1876 5229 animarum²

256 5223 379 5286 nntnroe
394 5216 491 5280 donn.
501 5219 631 5282 Dnmon
639 5234 728 5298 ergo,
744 5236 817 5280 cnm
830 5234 992 5296 perversu.
1006 5217 1048 5280 sit
1099 5221 1130 5279 ct
1151 5216 1296 5278 similiter
1318 5217 1545 5280 beatitudinem
1562 5225 1747 5281 sanctorum
1766 5219 1877 5280 dinem

259 5295 453 5371 voluntatis,
476 5303 507 5359 et
520 5299 699 5372 obstinate,
714 5298 848 5360 demalo
865 5296 967 5374 culpae
980 5314 1046 5358 non
1099 5313 1203 5373 usque
1224 5295 1263 5356 ad
1283 5296 1366 5358 diem
1389 5296 1499 5377 judicii
1516 5299 1619 5376 :quod
1634 5303 1683 5360 est
1701 5313 1876 5366 erroneum,

257 5373 353 5435 dolel.
1099 5380 1129 5434 et
1152 5391 1334 5453 repugnans
1350 5377 1492 5454 Apostoli
1515 5379 1695 5450 sententioe3
1718 5378 1773 5456 qui
1799 5375 1876 5444 dicit.

258 5454 439 5516 Anrrcunus
457 5453 871 5518 rv.-Utrtimaeristesit
887 5453 1047 5531 toenspoe·
1098 5451 1277 5513 2Corinth.
1293 5451 1323 5524 5,
1348 5455 1443 5517 lcSi
1467 5456 1625 5517 temeson
1642 5456 1750 5518 domus
1774 5463 1876 5516 nostro

295 5531 379 5593 nutis
394 5533 575 5595 demonum.
588 5569 626 5580 —
642 5533 694 5615 (t,
711 5533 785 5595 dist.
801 5531 851 5606 bd,
866 5551 918 5612 qn.
938 5533 968 5605 1,
981 5540 1044 5593 nrt.
1098 5529 1191 5611 nujus
1207 5529 1411 5595 habitationis
1433 5535 1634 5610 dissolvatur,
1653 5536 1776 5598 domum
1793 5531 1877 5595 hott-

297 5609 328 5682 3,
348 5628 449 5688 corp,
468 5619 494 5673 et
509 5612 549 5672 ad
569 5611 599 5688 b,
618 5620 647 5675 ct
672 5613 746 5675 dist.
764 5611 812 5686 tt,
824 5631 876 5692 qn.
893 5611 921 5684 1,
937 5618 999 5672 ort.
1013 5609 1044 5686 3,
1097 5627 1165 5670 mus
1178 5609 1214 5669 in
1228 5610 1313 5672 ceto.
1702 5606 1708 5617 '

294 5699 402 5836 inest.
411 5688 443 5764 h,
456 5690 497 5751 nd
507 5689 552 5771 2.)
1138 5687 1200 5748 Alii
1211 5689 1305 5762 verb,
1323 5688 1396 5752 licdt
1409 5691 1471 5756 hoc
1491 5708 1555 5754 non
1570 5693 1745 5756 concedant
1755 5693 1794 5754 dc
1807 5687 1877 5753 eoi-

322 5765 503 5870 dquartum
512 5769 558 5838 sic
568 5771 760 5834 proceditur.
775 5770 803 5833 1.
816 5769 950 5835 Videtur
959 5767 1047 5854 qudd
1097 5766 1224 5834 mabus.
1239 5769 1418 5834 concedunt
1432 5775 1539 5836 tamen
1557 5772 1596 5836 de
1616 5771 1826 5840 demonibus.
1876 5807 1878 5851 3
