4008 6330
239 328 291 389 lii
806 325 851 386 bii
868 324 1044 406 distritio
1062 323 1266 383 minitaris.
1824 328 1893 388 {28

341 444 521 502 determinatio
536 445 721 518 prornisrorom
734 445 921 498 auctoratorum.
1082 443 1118 498 tia
1133 442 1190 513 ejus
1205 443 1286 514 exigit
1300 461 1306 497 :
1320 441 1369 502 sed
1389 458 1441 500 aon
1456 446 1537 520 exigit
1555 445 1613 516 ejus
1630 445 1732 520 justitia
1750 456 1780 505 ut
1796 447 1891 505 iaciat

275 517 301 572 i.
320 515 373 574 Sed
387 517 421 572 ad
440 517 492 572 hoo
513 525 601 586 potest
620 515 672 571 dici
695 513 767 585 qudd
791 516 870 586 bug..
887 514 932 570 ubi
944 515 1027 573 dicit:
1081 513 1132 568 nisi
1143 513 1302 583 qrrodlacit;
1319 531 1371 570 non
1385 529 1449 588 ergo
1461 527 1548 588 potest
1559 517 1647 575 iacere
1658 520 1789 592 nisiquod
1801 520 1887 575 lacit.

238 586 411 657 Omnipotens
422 603 476 644 nou
489 587 586 643 dieitur
598 585 669 656 quod
683 587 772 642 omnia
786 589 880 654 possit,
895 597 960 652 etc,
974 596 1028 642 iam
1082 582 1235 664 Eademque
1252 586 1352 654 justitia
1373 587 1454 658 erigit
1475 598 1502 643 nt
1519 589 1546 644 id
1564 603 1616 645 non
1637 589 1715 646 iaciat
1734 589 1807 662 qurrd
1821 606 1889 645 non

238 657 326 729 ample
339 668 366 714 et
379 658 537 729 generaliter
549 657 652 727 aceepit
663 657 759 724 oornio,
774 665 804 711 ιιι
816 657 894 712 etiam
910 657 978 712 mala
989 658 1029 711 in-
1082 653 1160 720 laert,
1176 671 1228 709 non
1238 666 1325 710 autem
1340 667 1427 725 potest
1440 658 1528 715 lacere
1540 669 1631 715 eontra
1641 660 1769 730 justitiam
1782 675 1886 728 suam;

238 729 367 796 eluderet,
385 745 445 800 quae
461 729 530 784 Deus
542 743 596 784 noo
619 734 716 797 potest,
740 742 790 782 neo
804 727 875 792 vult;
891 743 943 782 uon
964 743 1028 797 ergo
1082 738 1135 778 non
1148 739 1211 798 ergo
1225 734 1313 797 potest
1327 727 1424 798 aliquid
1438 743 1532 784 eorum
1546 731 1633 786 lacere
1645 746 1705 799 quae
1717 730 1841 788 dimittit.

238 814 272 854 ne
290 799 345 854 avit
357 816 417 855 οιιιιι
434 813 511 881 posse
524 799 613 852 omnia
626 813 685 867 quse
699 799 825 852 convenit
837 797 862 852 ei
877 812 965 867 posse.
985 798 1029 852 Si·
1282 795 1423 868 Responsio
1437 799 1471 853 ori
1483 801 1553 870 pride
1565 801 1669 856 dictum.

202 887 205 894 ¹
238 814 404 926 miitcrcbm
417 870 480 925 dreit
491 868 564 924 :Non
573 867 686 924 obaliud
696 868 824 923 veraciter
835 868 930 923 dieitur
940 869 1027 924 omni·
1117 865 1144 922 3.
1161 865 1207 921 llis
1219 877 1306 922 autem
1320 869 1513 938 respondemus
1528 871 1661 941 duplicem
1674 871 1816 930 verborum
1832 872 1886 928 in·

238 949 343 1008 potens,
357 941 406 996 nisi
421 939 545 1022 quoniam
557 938 681 1009 quicquid
694 938 755 994 vuit
768 945 870 1007 potest;
886 953 938 993 non
949 947 1029 1062 negat
1081 935 1253 1017 telligentiam
1266 939 1432 1008 aperientes,
1446 948 1473 996 et
1484 941 1517 997 ab
1530 940 1569 996 eis
1582 942 1697 996 irrvolnta
1717 944 1885 1000 evolventes

237 1025 299 1066 eum
314 1026 391 1080 posse
404 1020 483 1065 atram
496 1024 527 1065 ea
540 1025 600 1080 quae
613 1024 665 1064 non
679 1009 743 1075 vult,
757 1008 814 1076 sed,
826 1009 954 1064 adversis
968 1009 986 1065 il
997 1026 1027 1064 os
1080 1018 1120 1060 sic
1137 1005 1214 1060 :Non
1229 1016 1316 1078 potest
1334 1008 1422 1064 lacere
1440 1011 1510 1066 Deus
1527 1012 1576 1066 nisi
1591 1012 1662 1082 quod
1679 1012 1778 1068 bonurn
1792 1023 1834 1068 est
1852 1025 1886 1070 et

204 1105 208 1142 r
257 1081 283 1135 ui
303 1081 424 1136 dicebant
435 1080 518 1137 Deum
534 1081 616 1135 rnultn
630 1078 700 1136 velle
718 1094 777 1150 oute
793 1095 845 1132 non
862 1088 973 1148 poterat,
987 1079 1027 1134 al·
1078 1074 1191 1145 iustum,
1206 1077 1231 1132 id
1244 1085 1295 1144 esi,
1309 1093 1361 1134 non
1374 1088 1464 1148 potest
1474 1081 1561 1137 lacere
1573 1082 1624 1136 nisi
1637 1083 1701 1138 iilud
1713 1083 1785 1153 quod
1797 1085 1820 1138 si
1834 1084 1884 1138 ιιι-

200 1161 207 1214 ,
237 1095 324 1206 irmat
342 1166 403 1206 eum
426 1165 503 1220 posse
524 1149 648 1222 quioquid
667 1149 739 1216 vult,
753 1156 782 1205 et
796 1164 828 1204 cx
845 1165 879 1204 eo
893 1149 956 1205 vove
974 1151 1027 1205 dici
1080 1156 1154 1200 cerer
1167 1146 1266 1202 bonum
1282 1157 1309 1204 et
1319 1149 1421 1219 justum
1435 1160 1523 1217 esset,
1538 1166 1630 1209 verum
1645 1163 1702 1220 est;
1725 1153 1773 1210 sed
1790 1155 1884 1209 multa

194 1257 203 1280 ι
236 1229 458 1292 omnipotentem,
475 1235 528 1276 non
542 1222 577 1277 ob
590 1218 671 1287 aliud,
687 1220 765 1290 quim
778 1219 839 1290 quia
852 1229 939 1290 potest
951 1221 1026 1290 ouie-
1080 1226 1168 1284 potest
1179 1215 1268 1274 lacere
1280 1235 1339 1288 qum
1353 1236 1406 1275 non
1425 1221 1494 1276 bona
1508 1231 1569 1277 sunt
1584 1237 1633 1278 nec
1644 1224 1731 1293 justa,
1745 1224 1807 1295 quia
1825 1239 1884 1282 nec

236 1289 299 1361 quid
313 1293 376 1346 vult.
391 1292 444 1348 Sed
458 1305 524 1348 eave
537 1289 670 1362 quomodo
685 1290 816 1360 intelligas
833 1307 840 1344 :
855 1299 942 1359 potest
954 1290 1027 1359 noio·
1081 1294 1158 1353 sunt,
1174 1303 1224 1344 nec
1235 1297 1313 1344 erunt
1324 1331 1332 1357 ,
1345 1305 1395 1346 nee
1406 1289 1477 1348 berre
1489 1292 1571 1360 liunt,
1584 1307 1636 1348 nec
1649 1292 1713 1349 irent
1725 1295 1786 1364 qnia
1801 1310 1882 1349 ιιιιιι-

236 1361 300 1430 quid
314 1363 370 1416 vnit
381 1377 411 1418 se
423 1376 517 1432 posse,
533 1377 566 1416 an
587 1361 710 1444 quicquid
725 1360 780 1415 vult
794 1357 891 1425 lacere,
906 1375 939 1414 an
954 1362 1028 1430 quic·
1080 1357 1159 1426 quim
1175 1359 1247 1412 lieni.
1263 1359 1328 1415 ltem
1346 1359 1415 1432 quod
1438 1362 1555 1418 seeundb
1574 1365 1724 1434 oppositum
1740 1363 1799 1418 init.
1814 1363 1881 1418 Non

235 1431 299 1501 ‹poid
320 1434 377 1488 vult
402 1432 523 1488 berilsi
546 1433 616 1486 eninr
639 1431 713 1487 dtcas
733 1429 794 1486 ideb
816 1430 1025 1500 omnipotentem
1080 1436 1168 1507 potest
1180 1427 1269 1484 lacero
1282 1431 1332 1485 nisi
1344 1431 1416 1500 qnod
1426 1433 1527 1500 justitia
1540 1447 1588 1488 sua
1601 1434 1699 1504 exigit3
1713 1444 1750 1501 et,
1766 1448 1818 1489 non
1830 1451 1883 1506 po

236 1503 336 1572 vocari,
356 1503 417 1571 quia
439 1510 526 1573 potest
539 1501 662 1572 qrrioquiri
685 1502 740 1555 volt
760 1516 790 1556 se
813 1516 909 1568 posse;
925 1516 987 1572 ergo
1000 1510 1028 1558 ot
1080 1505 1132 1554 test
1145 1498 1171 1552 td
1184 1498 1270 1555 lacere
1283 1501 1353 1570 quod
1363 1502 1464 1571 justitio
1476 1517 1523 1557 sua
1533 1504 1614 1574 erigit
1627 1511 1655 1558 nt
1665 1519 1717 1560 non
1730 1501 1784 1558 liat.
1801 1505 1881 1560 Dici-

235 1571 330 1630 Petrus
344 1573 465 1629 similiter
489 1573 657 1643 omnipotens
677 1571 730 1627 dici
742 1579 845 1642 potest,
863 1573 903 1626 vel
916 1572 1027 1644 quilibet
1054 1567 1062 1576 ‘
1080 1581 1139 1648 tuus
1153 1569 1214 1638 quia
1229 1570 1376 1626 exactionis
1389 1573 1501 1627 verbnm
1519 1573 1552 1629 de
1567 1575 1621 1630 beo
1635 1585 1684 1628 con
1704 1573 1752 1630 roe
1766 1589 1818 1630 noa
1833 1576 1883 1630 di-

235 1656 388 1698 sancrnrnnr
411 1643 568 1710 beatorum,
592 1643 653 1713 quio
678 1651 765 1712 potest
786 1641 909 1712 quioquid
926 1643 984 1698 ruit
998 1659 1027 1697 se
1078 1649 1165 1704 error,
1181 1655 1230 1694 nec
1251 1641 1358 1711 proprie
1376 1642 1522 1713 accipitur,
1541 1652 1568 1698 οι
1586 1645 1613 1698 in
1628 1589 1879 1701 illisioootionibus

235 1727 326 1783 posse,
342 1723 368 1768 et
379 1722 465 1784 potest
476 1714 563 1770 locere
573 1712 696 1783 quicquid
709 1714 765 1768 vult
779 1710 874 1766 lacero.
886 1711 943 1768 Non
954 1713 1026 1768 enim
1079 1707 1174 1780 duplex
1188 1719 1230 1765 tsi
1240 1725 1334 1766 sensus
1350 1727 1357 1776 ἱ
1373 1713 1394 1768 si
1410 1714 1481 1768 ellim
1494 1713 1625 1786 intelligas
1639 1732 1645 1768 τ
1659 1714 1718 1770 Non
1730 1725 1817 1788 potest
1829 1715 1878 1770 sa-

235 1783 293 1838 vnlt
305 1783 390 1840 lacero
403 1785 453 1839 nisi
465 1782 536 1854 qood
549 1783 620 1851 lacit,
632 1797 681 1837 nec
694 1797 771 1850 posse
784 1781 833 1836 nisi
846 1782 916 1852 quod
928 1792 1027 1853 potest,
1059 1792 1140 1848 ‚cere
1154 1781 1205 1834 nisi
1223 1781 1294 1850 quod
1313 1795 1361 1838 suo
1378 1783 1480 1853 justitia
1497 1785 1594 1854 exigit,
1610 1784 1638 1841 id
1656 1795 1715 1850 est,
1738 1787 1788 1842 nisi
1801 1787 1878 1858 quod

235 1853 283 1908 sed
303 1869 356 1912 non
377 1861 465 1924 potest
482 1855 569 1910 lacere
589 1852 715 1924 quidquid
728 1853 783 1907 vult
798 1850 864 1906 ueri.
881 1853 943 1908 Vult
955 1854 1025 1909 enim
1079 1849 1202 1930 voluntas
1221 1866 1267 1905 sna
1284 1853 1356 1920 josto
1371 1853 1446 1928 ¹voit,
1463 1853 1558 1910 laisum
1575 1855 1651 1910 dicis.
1674 1855 1778 1910 lustitia
1799 1857 1876 1912 enim

234 1923 325 1980 salvos
335 1924 393 1980 lteri
402 1923 448 1994 qui
458 1923 575 1980 salvandi
587 1932 658 1990 sont,
670 1923 853 1978 verumtamen
866 1938 913 1978 cos
924 1923 1026 1978 salvare
1079 1920 1161 1987 ipsivs
1175 1920 1221 1975 Dei
1235 1922 1384 1991 aequissima
1400 1924 1520 1979 voluntas
1535 1925 1663 1996 accipitur
1677 1944 1684 1979 :
1699 1926 1813 1996 qualiter
1824 1941 1875 1981 ac-

236 2008 291 2049 non
303 1994 383 2050 valet.
397 1995 469 2050 lieris
482 2003 571 2049 autem
592 1993 717 2064 quioquid
730 1995 786 2050 vult
800 1992 871 2058 lteri,
888 2001 976 2063 potest
987 1993 1026 2050 la·
1078 1989 1217 2060 cipirnng.
1230 1991 1274 2045 illa
1286 1993 1364 2048 verba
1374 1993 1479 2050 Domini
1490 1993 1515 2049 ιιι
1524 1994 1591 2050 Gen.
1604 1997 1737 2067 loquentis
1746 1996 1779 2051 ad
1788 1996 1873 2062 Lritlr,

234 2077 305 2120 cere.
322 2065 349 2120 Si
367 2066 438 2120 enim
456 2064 513 2118 vult
532 2063 631 2135 aliquid
650 2063 708 2118 lteri
723 2079 770 2134 per
787 2076 830 2128 se,
852 2071 941 2133 potest
961 2064 1025 2119 illud
1079 2058 1176 2140 Senes.
1189 2061 1242 2116 ti:
1260 2059 1321 2116 Noa
1340 2079 1441 2134 ροοοιοιι
1457 2065 1594 2136 quidquam
1611 2069 1693 2138 focem
1711 2067 1790 2121 donec
1808 2067 1875 2122 titire

233 2132 323 2190 lacere
372 2149 441 2202 τοο,
460 2141 489 2190 οι
499 2149 546 2204 per
557 2149 586 2190 se
600 2133 679 2198 lacit;
696 2133 764 2188 sicut
776 2132 872 2191 erolum
886 2142 913 2188 et
927 2142 1025 2190 terram
1078 2139 1199 2198 rotrocus,
1212 2145 1348 2202 exponens
1363 2133 1439 2188 :Non
1454 2149 1542 2204 posse.
1558 2136 1651 2208 inquit,
1667 2151 1698 2192 ιθ
1709 2136 1786 2202 (liiii.
1799 2137 1874 2208 duod

233 2219 283 2274 per
296 2218 326 2260 se
349 2205 410 2272 ecit,
426 2204 487 2276 quia
500 2205 591 2260 voluit.
606 2204 634 2260 Si
648 2212 736 2260 autem
748 2205 805 2260 vult
819 2204 876 2260 lieri
890 2219 937 2272 per
949 2219 1025 2260 crea·
1078 2199 1138 2282 sine
1148 2198 1229 2256 dubio
1240 2211 1344 2270 poterat
1355 2218 1404 2274 per
1415 2206 1570 2273 potentiam,
1584 2206 1632 2262 sed
1644 2220 1696 2261 aon
1707 2215 1812 2276 poterat
1823 2222 1875 2278 per

234 2282 321 2330 ourani
333 2317 341 2342 ,
353 2283 381 2331 er
412 2291 441 2330 er
454 2289 513 2330 een
526 2282 667 2345 operatum
685 2275 753 2331 sicut
767 2288 813 2345 per
827 2275 948 2330 nomines
962 2274 1026 2330 tacit
1074 2270 1220 2339 rustitione
1235 2272 1312 2342 onesi
1324 2282 1427 2342 poterat
1459 2275 1563 2344 uidem,
1577 2277 1692 2333 sednon
1707 2277 1829 2344 vorabat,
1844 2285 1875 2332 er

234 2344 341 2414 domus,
352 2352 379 2402 et
390 2290 540 2415 iiujosmodi
552 2345 675 2400 artificia.
689 2345 721 2399 Et
735 2345 804 2402 Deus
818 2345 925 2416 qrridem
937 2360 970 2400 ex
984 2360 1023 2412 se,
1078 2341 1123 2421 rin
1136 2340 1259 2398 villitrias
1270 2342 1341 2413 iusti
1354 2353 1421 2398 titt
1436 2289 1464 2400 ii
1478 2345 1541 2401 veti
1554 2362 1602 2416 per
1612 2345 1670 2402 haet
1680 2347 1759 2402 verba
1772 2347 1873 2410 intelli-

233 2421 263 2469 et
277 2431 324 2485 per
337 2431 367 2472 se
380 2424 480 2487 potest;
501 2416 580 2471 bomo
593 2423 682 2471 antem
695 2415 737 2470 vel
749 2416 869 2486 angelus,
883 2415 1023 2485 quantirm·
1078 2424 1191 2493 uticum
1205 2427 1260 2472 uon
1273 2425 1351 2482 posse
1362 2413 1449 2470 lacere
1460 2415 1513 2470 nisi
1527 2416 1592 2471 iliud
1607 2417 1712 2483 quodsi
1726 2419 1813 2490 lieret,
1824 2417 1871 2487 jn·

233 2499 287 2556 que
297 2485 390 2542 beatus
402 2494 454 2554 est,
467 2500 520 2543 non
532 2494 573 2542 est
588 2495 682 2557 potens
695 2501 729 2542 ex
741 2501 770 2542 se
782 2486 825 2542 vel
837 2501 884 2556 per
896 2500 935 2541 se.
1077 2490 1157 2536 stttrae
1167 2497 1225 2552 etus
1235 2484 1400 2551 conveniret,
1409 2500 1501 2540 verunt
1512 2485 1588 2542 dicis.
1602 2487 1730 2542 Similiter
1739 2487 1873 2558 distingue

558 2555 699 2628 oppositio.
765 2555 771 2566 '
1077 2550 1142 2605 illud
1157 2569 1163 2604 :
1176 2551 1235 2607 Non
1247 2563 1333 2624 potest
1343 2553 1509 2624 laceroquod
1519 2572 1566 2612 sua
1578 2558 1675 2612 'ustitia
1687 2557 1769 2628 exigit
1779 2565 1873 2612 utnon

270 2626 297 2682 8.
317 2625 370 2684 Sed
381 2625 451 2684 lorte
469 2627 541 2684 dices
556 2627 632 2682 :Nee
644 2627 693 2682 bei
704 2625 788 2682 Filios
799 2635 884 2698 potest
896 2627 912 2681 a
924 2641 963 2694 se,
976 2641 1026 2684 nec
1077 2619 1174 2690 iaciat,
1188 2622 1278 2691 idest,
1292 2637 1345 2679 nou
1359 2633 1447 2694 potest
1456 2625 1541 2683 lacere
1560 2574 1587 2683 ici
1603 2627 1674 2698 quod
1692 2628 1759 2697 ipse.
1770 2628 1814 2698 itii
1829 2637 1873 2684 0⁸2

234 2695 348 2768 Spiritus
358 2707 474 2758 sanetus.
485 2699 532 2754 sed
542 2697 616 2754 solus
626 2697 713 2752 Pater.
726 2697 772 2754 lile
781 2698 851 2753 enim
864 2705 950 2767 potest
959 2697 975 2752 a
985 2713 1024 2765 se,
1078 2693 1291 2774 surmnajnosiitia
1301 2734 1309 2759 ‚
1321 2710 1374 2749 uon
1386 2697 1442 2750 vuit
1452 2695 1549 2762 lacere,
1567 2697 1660 2753 iaisnm
1674 2709 1725 2753 est.
1740 2697 1769 2754 Si
1779 2707 1870 2752 autem

233 2768 279 2893 {poi
291 2779 332 2822 est
351 2767 365 2822 b
380 2784 426 2836 se;
449 2768 651 2834 itinerantem,
667 2767 727 2892 im
742 2783 795 2823 nnn
812 2777 854 2823 est
867 2768 881 2822 'a
895 2781 935 2834 se,
951 2767 1026 2824 sedi
1077 2759 1121 2816 ins
1133 2764 1220 2818 verbis
1232 2764 1364 2836 intelligas
1374 2781 1434 2821 eum
1448 2782 1501 2822 rron
1514 2781 1593 2837 posse
1602 2767 1690 2824 lacere
1706 2767 1731 2822 id
1744 2767 1815 2839 quod
1826 2769 1871 2840 lu-

256 2847 328 2903 arro,
353 2853 406 2893 non
430 2847 517 2910 potest
541 2838 621 2906 ise,
639 2853 668 2893 so
707 2837 722 2892 ι
746 2839 844 2905 Parre;
864 2845 890 2892 er
912 2837 1025 2908 Spiritus
1078 2831 1157 2888 stitire
1169 2831 1227 2904 ejus
1241 2838 1383 2890 convenire
1397 2851 1449 2892 uon
1462 2845 1564 2906 potest,
1581 2853 1675 2894 verum
1686 2837 1762 2894 dicis.

233 2916 340 2964 sanctus
357 2909 391 2964 ab
406 2918 528 2981 utroque.
549 2908 590 2964 td
608 2906 679 2979 qood
693 2906 805 2964 dicimus
822 2907 884 2980 quia
906 2906 968 2964 lieet
979 2908 1025 2963 Fi·
1328 2903 1527 2962 Tenediorum
1542 2909 1617 2962 ratio.

233 2976 286 3034 lius
299 2994 352 3033 non
370 2979 483 3049 possit'a
501 2993 548 3047 se,
564 2993 615 3035 ιιοο
634 2986 758 3048 operetur
777 2977 792 3032 d
813 2993 856 3044 se,
877 2985 965 3050 potest
983 2985 1026 3033 ta·
1113 2973 1140 3028 l.
1156 2973 1603 3056 Addootqooqueetaliadicentes
1616 2997 1624 3033 :
1637 2979 1696 3036 Non
1707 2979 1870 3050 potestlleus

234 3064 297 3104 man
320 3058 347 3104 er
368 3058 493 3118 operatur
515 3065 561 3119 per
585 3063 635 3114 se;
660 3049 699 3103 sic
720 3058 747 3103 er
768 3047 882 3118 Spiritus
907 3057 1023 3104 sanctus.
1078 3041 1166 3099 lacere
1182 3045 1234 3098 rusi
1254 3045 1326 3116 quod
1340 3046 1435 3112 debet;
1450 3064 1502 3103 uon
1517 3056 1605 3104 autem
1619 3049 1700 3105 debet
1713 3049 1800 3105 iacere
1818 3051 1870 3107 nisi

233 3115 309 3174 Unde
332 3119 463 3186 Hilarius,
489 3121 517 3174 in
537 3119 583 3174 lib.
608 3120 625 3175 9
649 3119 683 3174 de
705 3117 801 3173 Trinit.
818 3135 826 3172 a
846 3117 962 3183 Naturae,
982 3118 1025 3173 in·
1077 3113 1148 3183 qood
1162 3114 1240 3170 lacit:
1256 3117 1277 3170 si
1295 3116 1365 3170 enim
1383 3117 1462 3172 debet
1476 3118 1526 3173 alia
1541 3118 1643 3189 lacere,
1660 3133 1713 3176 non
1727 3134 1790 3191 ergo
1805 3119 1869 3176 iacit

233 3190 299 3258 quit,
320 3191 362 3245 cui
380 3189 551 3257 contradicis,
572 3190 713 3255 haeretice,
735 3187 794 3244 lraeo
817 3188 903 3245 unitas
923 3197 974 3255 est,
997 3198 1026 3245 ot
1078 3199 1158 3262 omne
1168 3185 1239 3254 quod
1252 3185 1347 3253 debet;
1362 3187 1384 3241 si
1397 3187 1461 3243 verb
1472 3187 1535 3244 lacit
1543 3203 1623 3245 omne
1634 3190 1705 3260 quod
1716 3189 1805 3258 debet,
1815 3205 1868 3246 nee

233 3258 269 3313 itu
286 3275 332 3329 per
344 3273 373 3316 sc
392 3267 454 3331 agat
463 3258 560 3322 Filius.
583 3275 617 3316 ne
638 3259 653 3314 ir
674 3273 704 3314 so
722 3268 798 3327 agat;
812 3268 839 3314 et
853 3260 888 3315 its
900 3274 954 3314 non
967 3258 983 3314 d
997 3274 1026 3316 se
1077 3263 1164 3334 potest
1178 3254 1266 3311 iacere
1278 3257 1329 3311 nisi
1344 3258 1415 3328 quod
1428 3258 1523 3326 debet,
1537 3275 1589 3315 non
1604 3275 1667 3331 ergo
1681 3268 1770 3332 potest
1780 3261 1870 3316 lacere

231 3329 296 3399 agit,
309 3339 516 3402 utporsoagat.
528 3329 619 3386 Perse
631 3338 717 3385 autern
734 3330 830 3385 dieitur
843 3345 921 3400 ogere
933 3339 1024 3456 etJio-
1077 3325 1129 3378 arsi
1139 3326 1210 3406 qrrod
1219 3324 1291 3381 iacit.
1305 3324 1381 3394 ltem,
1394 3339 1439 3383 aut
1448 3329 1529 3383 debet
1539 3329 1871 3400 dimitterequoddimittit

234 3408 292 3455 tens
313 3415 383 3467 osse,
405 3401 465 3470 quia
485 3401 632 3456 naturalem
648 3400 727 3455 babet
740 3399 883 3470 potentiam
903 3415 962 3455 eam
983 3416 1024 3454 ern
1077 3407 1112 3448 ne
1122 3395 1216 3460 lacrat,
1229 3405 1274 3450 aut
1285 3411 1339 3451 non
1349 3398 1428 3454 debet
1443 3415 1450 3454 :
1465 3399 1487 3453 si
1503 3415 1557 3454 non
1569 3399 1657 3466 debet,
1672 3415 1725 3454 non
1739 3399 1811 3456 reete
1825 3402 1869 3455 di-

234 3484 314 3538 quam
341 3481 369 3525 ot
394 3471 489 3537 l‘ater,
531 3471 562 3525 ιιι
586 3479 681 3542 potens
705 3478 747 3526 est
767 3479 795 3525 et
815 3479 962 3540 operatur,
978 3470 1025 3526 sed
1078 3465 1175 3531 mittit;
1188 3467 1210 3522 si
1220 3467 1283 3522 verb
1293 3467 1374 3524 debet
1383 3468 1525 3535 dimittere,
1539 3484 1603 3540 ergo
1615 3485 1669 3525 non
1678 3469 1759 3526 debet
1770 3469 1867 3527 lacere.

233 3538 294 3609 qnia
308 3540 379 3595 illan
392 3540 471 3596 tronea
485 3487 593 3595 tiano
617 3554 669 3595 non
684 3537 699 3593 a
713 3553 753 3606 se,
769 3537 829 3594 ideo
842 3539 858 3594 a
872 3540 958 3606 Parve,
972 3556 1024 3596 non
1077 3533 1104 3588 si
1119 3545 1274 3592 autemnon
1293 3536 1373 3594 deber
1385 3553 1435 3594 neo
1447 3541 1539 3603 dener,
1556 3555 1609 3595 non
1628 3549 1733 3610 oportet
1751 3556 1811 3596 eaor
1826 3541 1869 3596 ia-

233 3607 291 3664 ase
306 3608 401 3665 dicitnr
416 3625 493 3680 posse
508 3619 534 3665 ct
552 3624 640 3680 agere.
663 3609 743 3664 bomo
759 3618 846 3666 autern
859 3610 902 3664 vei
916 3611 1025 3680 angelus
1077 3617 1138 3659 cere
1153 3624 1160 3660 :
1180 3618 1207 3662 et
1225 3607 1247 3663 si
1266 3623 1318 3662 ooo
1336 3609 1413 3665 decet
1427 3625 1477 3665 neo
1489 3619 1594 3681 oportet
1605 3625 1667 3666 eum
1685 3609 1789 3680 lacere,
1803 3627 1868 3682 ergo

233 3680 374 3749 gratuitam
390 3680 469 3736 babet
481 3683 636 3752 potentiam,
648 3679 702 3762 qul
714 3692 807 3750 potens
820 3688 871 3734 est.
888 3680 950 3735 ldeb
961 3696 1025 3751 ergo
1078 3689 1131 3756 ¹.¹⁰¹.¹
1144 3685 1231 3746 potest
1244 3676 1350 3744 lacerer
1364 3694 1416 3734 non
1436 3695 1500 3752 ergo
1517 3690 1603 3750 potest
1621 3681 1708 3736 lacere
1726 3682 1777 3737 nisi
1795 3681 1866 3752 quod

232 3747 297 3804 verb
320 3765 351 3804 ae
374 3747 480 3832 proprid
500 3751 570 3806 lieus
592 3749 707 3805 Trinrtas
727 3750 894 3819 omnipotens
916 3749 1024 3818 dicitur,
1078 3747 1222 3826 lucrm-nec
1233 3757 1320 3818 potest
1330 3749 1393 3804 ilind
1406 3749 1540 3807 dimittere
1549 3750 1620 3820 qood
1630 3751 1692 3807 lacit
1702 3753 1765 3822 quia
1780 3751 1865 3820 iaciat,

233 3819 293 3888 quia
325 3835 393 3876 erse
403 3861 410 3884 ,
420 3820 453 3876 ιιι
469 3831 521 3889 est,
538 3819 652 3875 naturali
672 3820 791 3892 potentii
803 3829 890 3890 potest
902 3821 1025 3892 quicquid
1076 3830 1139 3884 quta
1154 3817 1236 3898 debet
1252 3817 1320 3900 illud
1336 3819 1424 3876 lacere
1438 3838 1444 3873 ι
1458 3831 1486 3876 οι
1506 3821 1578 3892 quod
1597 3821 1676 3877 debet
1691 3823 1792 3890 lacere,
1815 3837 1867 3879 non

233 3889 290 3944 volt
306 3835 374 3958 iieri,
387 3899 414 3946 et
426 3891 551 3962 quicquid
563 3891 620 3945 vult
632 3905 663 3947 se
684 3905 773 3960 posse.
794 3890 865 3952 liioit
879 3893 951 3946 enirn
970 3893 1026 3947 vult
1077 3895 1166 4009 Botest
1179 3887 1244 3942 rllud
1257 3888 1402 3945 drmrttere.
1418 3889 1469 3946 Sed
1485 3891 1593 3945 otmilri
1612 3892 1726 3958 videtur,
1743 3894 1793 3948 lroc
1805 3905 1866 3949 ver-

234 3960 292 4016 beri
321 3961 375 4016 uod
386 3977 439 4017 non
452 3962 536 4032 possit
548 3959 636 4017 lacere
646 3975 743 4030 perse,
756 3960 798 4018 vel
812 3975 858 4031 per
869 3968 1023 4030 creaturns3
1096 3970 1140 4010 om
1156 3956 1243 4024 deici,
1256 3973 1389 4014 venenum
1409 3960 1498 4017 babet.
1516 3961 1686 4032 llultiplicern
1700 3964 1772 4018 enirn
1786 3971 1813 4018 et
1825 3965 1866 4020 in·

233 4039 261 4085 et
280 3976 346 4086 niiril
364 4033 420 4086 vult
438 4047 467 4088 se
486 4045 582 4104 posse,
601 4031 672 4102 quod
695 4046 748 4086 uon
770 4032 855 4101 possit
870 4049 878 4099 ;
894 4041 922 4085 οι
945 4046 1025 4088 oniae
1077 4026 1193 4108 volutant
1219 4027 1337 4110 continet
1363 4030 1581 4101 intelligentiam
1608 4047 1658 4088 neo
1681 4033 1737 4088 lieo
1762 4033 1867 4103 proprisi

233 4100 304 4171 qood
325 4102 382 4158 volt
401 4101 471 4167 ileri,
486 4103 542 4157 vult
559 4117 589 4158 se
603 4116 699 4172 posse,
720 4100 769 4157 sed
788 4115 839 4156 non
861 4115 940 4157 omne
954 4103 1025 4174 quod
1077 4107 1218 4168 competa,
1233 4115 1276 4169 qur
1288 4115 1340 4154 non
1351 4110 1394 4155 est
1406 4100 1510 4157 debitor
1521 4101 1610 4168 nobis,
1622 4103 1673 4157 nisi
1684 4101 1752 4159 lortd
1765 4119 1798 4158 err
1810 4117 1866 4174 pro
1881 4121 1885 4128 ·

234 4169 291 4226 vult
311 4185 340 4228 se
354 4187 447 4252 posse,
461 4173 516 4228 vnit
532 4171 607 4240 beri3
622 4171 645 4226 si
667 4172 737 4228 enirn
756 4172 845 4239 vellet,
863 4169 948 4241 lieret,
963 4171 1024 4244 qnia
1076 4165 1177 4234 misso;
1192 4168 1319 4226 nos-verb
1332 4172 1358 4226 ei
1370 4171 1504 4227 debitores
1515 4185 1607 4227 sumus
1617 4188 1650 4228 ex
1662 4173 1816 4228 commisso.
1834 4173 1866 4230 Ut

233 4241 360 4298 voluntati
371 4242 429 4313 eius
439 4242 505 4298 nibil
517 4243 642 4298 resistere
656 4241 748 4315 possit.
1076 4245 1165 4294 autern
1177 4253 1308 4294 venenum
1322 4248 1481 4306 evacuetur,
1496 4243 1630 4314 distingue
1648 4243 1721 4298 verbi
1739 4257 1862 4300 sensum:

1076 4305 1133 4361 lion
1149 4317 1236 4378 potest
1248 4311 1317 4365 beus
1331 4309 1419 4368 lacere
1434 4311 1484 4368 nisi
1497 4311 1569 4383 quod
1587 4313 1681 4380 debet,
1701 4313 1728 4368 id
1746 4321 1797 4377 est,
1814 4315 1864 4370 nisi

480 4351 667 4410 ⁰¹ST¹N⁶T¹⁰
684 4352 775 4410 mu·
1076 4377 1223 4459 qood-vult,
1240 4379 1334 4435 laisum
1346 4391 1398 4448 est,
1410 4382 1448 4436 sie
1460 4383 1531 4437 enim
1543 4391 1630 4452 potest
1640 4385 1697 4454 ipse
1706 4383 1758 4438 diei
1768 4383 1864 4440 debere

211 4581 213 4586 ι
584 4508 672 4550 ΜΠ·
1077 4517 1135 4587 ipse
1148 4518 1201 4573 dici
1215 4519 1313 4576 debere
1325 4521 1436 4603 aliquid,
1451 4523 1512 4593 quia
1525 4524 1582 4579 vult
1595 4523 1668 4579 illud.
1684 4523 1712 4580 Si
1725 4533 1813 4579 autem
1825 4523 1864 4579 di-

270 4586 296 4643 l.
312 4585 526 4655 Quidamtamen
541 4586 574 4643 do
587 4601 636 4642 suo
649 4601 730 4642 sensu
743 4586 902 4658 gloriantes,
916 4587 964 4644 liei
978 4605 1026 4660 po·
1077 4596 1169 4656 catur,
1184 4605 1237 4646 non
1251 4597 1340 4660 potest
1349 4592 1399 4646 nisi
1410 4593 1482 4663 qood
1495 4593 1590 4660 debet,
1604 4595 1630 4650 id
1642 4601 1697 4658 est,
1712 4595 1865 4664 non'poiest

234 4661 344 4713 teritiam
354 4657 404 4713 sub
414 4659 539 4713 mensuri
550 4667 686 4713 coarctare
696 4659 784 4713 conati
794 4667 865 4713 sunt.
876 4657 942 4714 Cirm
953 4661 1024 4716 enim
1077 4658 1128 4713 nisi
1143 4659 1208 4714 iliud
1220 4659 1302 4731 quod,
1316 4661 1338 4716 si
1351 4659 1460 4730 iaceret,
1473 4663 1498 4718 el
1511 4663 1580 4720 bene
1592 4665 1755 4730 conveniret,
1772 4680 1862 4722 verum

234 4729 326 4783 dicunt
340 4745 346 4782 :
359 4727 501 4798 lluensooe
514 4735 600 4798 potest
612 4727 699 4794 Deus,
713 4735 742 4784 et
754 4742 807 4783 non
817 4727 944 4799 amplios,
961 4730 1024 4800 quid
1077 4737 1127 4783 est.
1149 4730 1256 4785 Addunt
1270 4745 1376 4802 qnoque
1394 4733 1431 4788 illi
1450 4733 1568 4790 dieentes
1584 4751 1591 4787 :
1608 4733 1680 4790 lliiril
1698 4735 1811 4792 incitant
1824 4735 1865 4792 di-

236 4796 287 4854 lroo
300 4807 340 4853 est
353 4797 425 4853 aliud
439 4797 518 4869 quim
533 4797 590 4868 ejus
609 4797 754 4870 potentiam
776 4815 835 4870 nure
854 4799 956 4854 infinito
973 4812 1023 4866 est,
1076 4798 1167 4867 mittit,
1182 4801 1233 4855 nisi
1245 4801 1345 4870 optimi
1356 4811 1384 4856 et
1395 4801 1543 4859 rationabili
1556 4805 1645 4870 causi,
1659 4803 1721 4862 licet
1733 4806 1809 4862 nobis
1819 4821 1864 4862 oo·

233 4867 393 4925 concludere
407 4877 435 4924 et
448 4867 608 4940 restringere
620 4869 654 4924 ad
665 4883 828 4924 mensuram.
843 4869 923 4925 diunt
936 4871 1023 4927 enirn:
1077 4869 1146 4924 culto
1160 4869 1211 4938 sit;
1225 4871 1370 4926 seeundum
1385 4888 1463 4943 qoam
1477 4883 1583 4945 oportet
1595 4891 1656 4930 eum
1672 4875 1759 4932 lacere
1778 4890 1809 4931 ae
1822 4877 1862 4931 di-

233 4939 292 4996 Non
304 4947 392 5012 potest
406 4939 475 4994 Deus
493 4938 565 4995 aliud
578 4936 665 4994 iacere
679 4939 758 5010 quim
772 4939 851 5007 lacit,
866 4955 916 4998 nec
929 4943 1025 4998 meliirs
1077 4941 1183 4996 rrritteve
1197 4957 1256 5064 iiuae
1270 4941 1333 4997 lacit
1343 4942 1384 4997 vel
1396 4943 1515 4999 dimittit.
1534 4945 1612 5001 Ratio
1624 4945 1696 5001 enim
1710 4945 1792 5016 penes
1803 4961 1862 5006 enm

233 5008 322 5066 lacere
337 5010 363 5064 id
376 5009 447 5080 quod
459 5009 536 5075 lacit,
552 5023 601 5064 nee
614 5009 713 5080 aliquid
726 5011 929 5082 pretermittere
940 5011 973 5066 de
983 5013 1024 5068 iris
1077 5017 1128 5074 est,
1139 5011 1208 5080 quir
1220 5011 1245 5066 la
1256 5011 1318 5068 lacit
1330 5020 1358 5068 et
1366 5013 1410 5069 illa
1419 5012 1543 5083 dimittit;
1554 5030 1614 5087 qnae
1625 5016 1693 5072 ratio
1704 5025 1802 5072 aeterna
1812 5026 1853 5072 est

233 5095 293 5152 quae
306 5078 379 5136 iacit.
393 5079 526 5150 lstamque
542 5080 654 5150 primam
668 5094 745 5136 suam
763 5080 913 5153 opinionem
929 5081 1023 5136 verisi-
1077 5088 1105 5134 et
1123 5095 1229 5151 semper
1246 5097 1371 5148 manens,
1390 5093 1576 5158 praeterquam
1596 5085 1649 5141 uon
1666 5095 1753 5156 potest
1766 5087 1862 5158 aliquid

233 5151 341 5207 milibus
354 5151 532 5222 argumentis,
547 5151 687 5221 causisque
699 5149 903 5217 commentitiis,
920 5165 1024 5208 necnon
1078 5149 1165 5206 lacere
1186 5151 1229 5206 vol
1247 5150 1390 5210 dimittere.
1413 5155 1461 5211 litt
1477 5171 1540 5227 ergo
1561 5167 1685 5212 manente
1705 5171 1757 5212 non
1777 5167 1863 5227 potest

233 5231 260 5276 ot
272 5235 407 5277 sacrarum
418 5221 604 5277 auctoritatum
616 5220 886 5277 testimoniismnnire
896 5233 1025 5279 conantur
1078 5223 1148 5292 qood
1162 5219 1226 5277 lacit
1237 5223 1386 5290 dimittere,
1401 5241 1453 5282 nec
1466 5226 1535 5296 quod
1549 5225 1657 5282 dimittit
1671 5226 1774 5293 lacere;
1787 5237 1814 5283 et
1828 5229 1864 5284 ita

233 5293 353 5347 dicentes
367 5311 374 5346 :
386 5292 444 5347 Non
458 5299 546 5364 potest
558 5290 628 5346 Deus
640 5289 725 5346 locere
739 5289 788 5347 nisi
804 5291 874 5363 qnod
887 5290 984 5347 bonurn
999 5302 1026 5348 et
1077 5305 1130 5346 non
1141 5299 1228 5361 potest
1239 5292 1326 5350 lacere
1335 5295 1386 5350 nisi
1398 5295 1469 5366 qood
1482 5296 1554 5351 lacit.
1568 5296 1601 5350 Et
1615 5297 1648 5352 ad
1661 5297 1712 5354 boo
1721 5298 1865 5368 responde·

233 5362 333 5432 justina
346 5371 387 5418 est
397 5363 468 5428 [levir
483 5369 588 5416 nonest
601 5370 689 5415 autern
702 5361 802 5429 justum
817 5369 844 5417 et
856 5361 955 5417 bonum
969 5363 1025 5418 fieri
1078 5376 1151 5428 roos,
1174 5365 1371 5435 ambiguitatem
1394 5365 1534 5421 locutionis
1556 5365 1775 5424 determinantes.
1797 5367 1863 5424 Cim

235 5432 269 5486 ab
279 5447 329 5497 eo,
344 5433 393 5488 nisi
407 5432 478 5502 quod
490 5430 561 5487 iacit.
576 5431 603 5488 Si
615 5431 684 5485 enirn
696 5429 768 5486 aliud
777 5431 878 5501 iustum
889 5442 930 5487 est
942 5441 968 5489 et
979 5435 1025 5488 bo·
1078 5433 1149 5487 eninr
1159 5434 1255 5490 dicitur
1267 5453 1274 5490 ι
1288 5435 1365 5492 ilatio
1375 5438 1416 5491 vei
1427 5451 1506 5492 eausa
1519 5437 1618 5518 optima
1629 5451 1711 5510 penes
1722 5439 1803 5493 Deum
1814 5449 1862 5508 est,

234 5517 298 5557 ιιιιιιι
309 5516 370 5557 eom
383 5500 468 5558 lacero
480 5502 558 5573 quarn
570 5499 648 5568 lacit,
661 5515 714 5556 non
723 5515 786 5571 ergo
796 5501 858 5557 lacit
867 5517 945 5557 omne
954 5504 1025 5574 qood
1078 5505 1129 5576 qui
1142 5505 1203 5560 iacit
1215 5515 1308 5562 cuncta
1318 5522 1377 5577 quae
1387 5506 1463 5575 lacit,
1475 5514 1503 5562 et
1515 5507 1623 5564 drmittit
1634 5523 1666 5564 ea
1678 5523 1737 5578 quae
1747 5507 1862 5577 dimittit,

233 5573 334 5644 justum
346 5580 425 5628 estet
436 5573 536 5628 bonum
547 5587 606 5627 eunr
618 5569 723 5640 lacere3
740 5571 787 5628 sed
797 5572 856 5644 quis
867 5573 962 5628 audeat
975 5575 1026 5630 ιιοο
1078 5589 1168 5628 verum
1182 5576 1288 5646 quidem
1300 5587 1357 5643 est,
1369 5575 1430 5646 puio
1445 5577 1471 5631 in
1483 5593 1516 5632 eo
1527 5579 1651 5634 voluntas
1663 5591 1704 5635 est
1716 5580 1864 5650 aequissima

234 5643 342 5698 dicerel
1033 5703 1036 5710 ,
1078 5653 1106 5702 et
1115 5645 1281 5715 rectissima,
1298 5649 1349 5717 qud
1368 5647 1470 5704 incitet
1482 5647 1591 5703 dimittit
1607 5665 1666 5720 onor
1683 5649 1755 5716 vult,
1773 5659 1864 5707 contra

530 5712 648 5770 Secundo
659 5713 733 5768 ratio.
902 5735 908 5750 ·
1036 5714 1066 5780 ‚a
1077 5730 1156 5786 quam
1172 5715 1258 5773 lacere
1279 5732 1330 5772 non
1350 5727 1453 5787 potest,
1470 5733 1521 5775 nec
1533 5729 1631 5792 practer
1643 5735 1702 5775 eam
1717 5721 1804 5776 lacere
1815 5735 1863 5792 po-

270 5781 297 5839 2.
312 5782 420 5842 Addunt
431 5781 593 5841 etiamtllou
602 5793 689 5857 potest
703 5784 801 5854 lacere,
809 5783 860 5841 nisi
870 5785 1025 5857 ouodJusti-
1078 5794 1140 5842 test.
1155 5783 1210 5848 Nec
1221 5788 1310 5853 utinm
1322 5797 1415 5846 contra
1430 5803 1490 5846 eam
1506 5791 1618 5864 laceret,
1632 5804 1682 5849 ιιοο
1695 5799 1795 5861 praeter
1805 5803 1863 5849 eam
