4008 6346
101 339 148 396 357
433 351 564 422 QUAEST.
585 351 677 409 xttl.
698 349 744 408 be
763 347 905 406 ramere.
927 346 1133 408 DUllA'llOlllS
1153 348 1233 406 aba.
1253 349 1477 410 castraneti.
1720 353 1773 414 858

102 463 172 526 edm
189 465 412 532 necessitas
427 465 555 532 ellectds
569 486 610 530 ex
625 468 814 530 necessitate
827 482 933 530 cause
988 463 1087 528 luisse
1113 463 1238 538 locum,
1254 470 1311 528 aut
1337 468 1475 546 spatium
1503 471 1576 530 ante
1605 468 1771 530 mnndum.

41 543 44 608 f
103 542 318 620 dependeat,
343 553 391 610 ut
414 549 529 610 dieitur
550 548 582 608 in
599 545 618 607 5
636 546 789 626 Metapb„
807 551 884 608 text.
901 547 932 606 6.
1028 544 1075 606 Ad
1089 546 1237 623 quintum
1252 547 1420 608 dicendum
1434 547 1519 626 qudd
1532 549 1655 626 primus
1669 552 1774 610 motor

102 623 289 684 Ostensnm
318 631 383 688 est
407 633 513 692 autem
533 644 649 705 supra,
667 643 722 703 qu.
745 627 799 698 19,
816 629 876 686 art.
901 625 933 698 3,
988 642 1116 704 semper
1128 625 1237 686 eodem
1249 625 1342 686 modo
1359 643 1394 688 se
1408 626 1542 700 babuit3
1562 628 1700 706 primum
1717 643 1774 688 au·

103 701 206 780 qubd,
234 705 419 784 absolute
440 707 620 784 loquendo,
644 721 709 766 non
735 709 783 767 est
803 723 934 768 neeesse
987 709 1053 766 tem
1066 704 1183 766 mobile
1200 722 1264 767 non
1279 723 1406 784 semper
1422 705 1533 768 eodem
1550 707 1643 768 modo
1661 723 1694 768 se
1709 707 1774 768 ba-

101 783 207 843 Deum
230 783 338 846 velle
379 785 503 882 aliquid
526 786 588 847 nisi
617 784 768 863 seipsum.
794 785 864 845 Non
887 787 936 847 est
989 781 1776 881 buit,quiaincrepitesse,cl1mpridsnonluis·

102 863 935 1022 attributamttllttltlatllllla
988 868 1046 1022 al·
1059 862 1776 1022 bladalailll‘.artabaldum{a

103 1015 199 1081 tende
216 1019 328 1084 Deus
351 1024 427 1086 vult
443 1023 534 1086 illum
548 1041 634 1096 esse,
651 1019 723 1083 cum
739 1041 809 1084 esse
824 1021 935 1082 mundi
989 1037 1047 1100 pra
1057 1022 1175 1083 dietum
1187 1025 1250 1094 est,
1265 1040 1320 1100 qu.
1330 1021 1386 1096 ld,
1398 1027 1460 1084 art.
1472 1023 1491 1082 2
1502 1023 1540 1084 ad
1550 1023 1580 1083 2.
1591 1022 1678 1084 Unde
1688 1027 1777 1101 patet

104 1117 144 1158 ex
157 1098 369 1168 voluntate
381 1105 439 1166 Ilei
456 1102 631 1182 dependeat
644 1101 774 1162 sicuter
784 1101 844 1164 sud
859 1117 936 1162 cau·
988 1101 1074 1179 quod
1089 1101 1155 1164 brec
1165 1101 1278 1162 relatio
1295 1119 1392 1181 quam
1411 1103 1501 1180 ponit
1514 1102 1697 1166 Aristoteles
1714 1101 1776 1163 in8

103 1175 149 1240 sd.
163 1178 246 1240 Non
260 1185 326 1262 est
339 1184 445 1264 igitur
457 1181 673 1244 necessarium
688 1181 840 1241 mundum
853 1199 936 1242 sem·
988 1180 1135 1258 Physic.,
1153 1181 1294 1258 procedit
1317 1185 1430 1243 eontra
1453 1199 1507 1244 eos
1532 1182 1589 1260 qui
1612 1183 1776 1260 ponebant

104 1276 162 1336 per
183 1277 286 1322 esse.
327 1261 427 1326 Unde
450 1278 509 1323 uec
535 1259 783 1321 demonstrative
805 1259 936 1337 probari
989 1259 1119 1320 mobilia
1142 1263 1279 1334 eterna,
1299 1261 1354 1322 sed
1371 1264 1492 1322 motum
1514 1278 1578 1322 non
1599 1265 1774 1332 eternum,

105 1341 231 1416 potest.
988 1343 1025 1400 ut
1034 1343 1121 1416 patet
1130 1357 1171 1400 ex
1186 1338 1391 1416 opinionibus
1407 1342 1609 1420 Anaxagora
1622 1341 1776 1418 etEmpe-

142 1417 215 1479 Nee
229 1421 403 1482 rationes
415 1436 497 1499 quas
510 1417 549 1480 ad
565 1418 625 1479 hoe
640 1418 830 1479 Aristoteles
845 1417 937 1479 indu·
989 1417 1100 1479 doclis.
1118 1418 1180 1478 Nos
1198 1422 1303 1478 autem
1319 1420 1489 1497 ponimus,
1507 1437 1548 1480 ex
1564 1437 1630 1498 quo
1646 1419 1777 1481 mobilia

29 1539 32 1568 ,
106 1497 161 1568 eit,
180 1496 251 1559 lib.
270 1497 311 1558 8.
333 1501 535 1579 Phys.,sunt
548 1497 802 1558 demonstrative
818 1496 938 1574 simpli·
991 1495 1206 1574 inceperunt,
1225 1515 1350 1575 semper
1367 1497 1463 1560 luisse
1481 1503 1612 1559 motum.

29 1573 31 1596 ⁵
107 1574 202 1647 citer,
218 1577 290 1638 sed
310 1576 496 1644 seeundum
509 1577 602 1656 quid,
622 1577 742 1638 seilicet
757 1577 795 1636 ad
812 1579 938 1638 contra·
1031 1575 1077 1636 Ad
1093 1581 1219 1636 sextum
1236 1575 1403 1638 dicendum
1420 1577 1507 1656 qudd
1525 1577 1663 1656 primum
1678 1592 1776 1656 agens

27 1697 29 1730 ,
108 1655 305 1716 dicendum
328 1657 512 1722 rationibus
527 1656 734 1734 antiquorum
774 1655 939 1716 onentinm
992 1657 1040 1716 est
1055 1671 1153 1734 agens
1171 1655 1398 1716 voluntarium.
1414 1655 1452 1716 Et
1468 1658 1614 1734 quamvis
1630 1657 1778 1718 habuerit

109 1734 287 1794 mundum
308 1737 459 1816 incipere
470 1733 645 1797 secundum
659 1673 814 1812 quosdam
828 1734 963 1794 modos
993 1735 1189 1794 voluntatem
1220 1739 1371 1796 eternam
1407 1735 1602 1814 producendi
1637 1736 1778 1814 aliquem

25 1865 27 1890 J
111 1812 145 1872 in
166 1814 335 1877 veritate
359 1814 587 1894 impossibiles.
605 1813 644 1873 Et
663 1815 723 1874 boo
743 1820 876 1890 apparet
899 1832 940 1874 ex
993 1811 1157 1882 ellectum,
1176 1829 1240 1873 non
1259 1817 1365 1874 tamen
1380 1815 1532 1892 produxit
1553 1820 1708 1876 eternum
1725 1812 1778 1874 el-

111 1891 239 1954 tribus.
264 1895 388 1957 Primb
408 1893 640 1973 quidem,quia
663 1897 728 1954 tam
750 1893 784 1952 in
803 1890 824 1952 8
844 1893 938 1971 Phys.
993 1889 1119 1952 lectum.
1135 1893 1199 1953 Noe
1212 1893 1494 1974 estneeessequbd
1510 1897 1778 1988 presupponatur

113 1970 180 2032 loc.
199 1989 312 2035 nunc
328 1975 400 2048 cit,
424 1971 521 2066 quam
542 1971 603 2032 inl
621 1971 659 2032 de
674 1970 765 2044 Cel„
783 1975 862 2031 text.
883 1972 938 2031 101
993 1971 1102 2048 aliqua
1118 1972 1270 2042 mutatio,
1287 1989 1345 2032 nec
1359 1974 1453 2034 etiam
1469 1977 1600 2051 propter
1619 1973 1776 2052 rmagina-

116 2053 148 2110 et
169 2067 279 2130 seqq.
296 2098 308 2128 ,
334 2052 496 2132 premittit
519 2049 675 2129 quasdam
698 2051 883 2188 oqtiniones,
906 2053 942 2111 nt
992 2051 1113 2111 tionem
1128 2052 1292 2128 temporis.
1310 2052 1410 2112 Aliter
1425 2053 1508 2114 enim
1525 2059 1572 2112 est
1592 2053 1779 2131 intelligen-

118 2130 369 2218 Anaxagore,
387 2136 418 2193 et
426 2130 643 2210 Empedoclis,
657 2133 688 2191 et
699 2131 723 2190 P
735 2128 852 2201 atonis,
865 2147 941 2190 eon·
993 2128 1067 2189 dum
1081 2130 1118 2190 de
1134 2135 1248 2208 agente
1266 2130 1471 2209 particulari,
1489 2130 1576 2210 quod
1596 2146 1780 2212 prasuppo·

120 2211 172 2270 tra
199 2227 301 2288 quos
340 2211 482 2274 rationes
518 2209 780 2271 contradictorias
809 2207 940 2270 inducit.
994 2209 1041 2268 nit
1059 2209 1196 2287 aliquid,
1220 2215 1251 2270 et
1272 2215 1384 2272 causat
1404 2211 1559 2282 alterum3
1581 2215 1613 2272 et
1635 2211 1727 2272 aliter
1741 2209 1780 2271 de

120 2285 290 2352 Seeu'ndb
305 2292 385 2370 quia
401 2290 596 2367 ubicumque
612 2287 649 2348 de
667 2288 726 2348 hdo
742 2285 875 2350 materid
888 2288 943 2349 lo—
994 2293 1107 2367 agente
1139 2289 1331 2362 universali,
1362 2290 1447 2368 quod
1480 2289 1627 2368 producit
1660 2292 1777 2360 totum;

123 2368 266 2444 quitur,
281 2372 410 2432 inducit
421 2374 604 2430 testrmoma
616 2371 824 2444 antiquorum
836 2387 844 2440 3
858 2367 943 2444 quod
995 2369 1077 2428 sicut
1089 2385 1187 2446 agens
1207 2369 1401 2446 particulare
1418 2368 1564 2448 producit
1582 2369 1735 2439 sormam,
1751 2368 1782 2426 ot

124 2463 192 2506 non
206 2453 264 2510 est
280 2447 565 2520 demonstratoris,
581 2445 635 2507 sed
648 2446 856 2524 probabiliter
872 2463 944 2524 per·
1018 2449 1214 2525 resupponit
1239 2449 1405 2508 materiam
1419 2469 1427 2517 ς
1449 2449 1533 2509 unde
1552 2451 1678 2526 oportet
1695 2444 1781 2524 qubd

126 2527 326 2590 suadentis.
341 2527 449 2590 Tertib
485 2529 542 2588 uia
554 2523 707 2605 expresse
720 2526 794 2586 dicit
808 2526 840 2584 in
857 2524 942 2586 llib.
995 2465 1130 2586 Rumam
1151 2527 1278 2588 inducat
1295 2523 1469 2588 seeundum
1489 2527 1728 2606 proportionem
1743 2522 1782 2585 ad

128 2603 457 2687 Topie.,cap.9‚pa
499 2603 943 2683 maprinc.,quodqnaemm
996 2604 1133 2664 debitam
1164 2605 1343 2666 materiam.
1373 2607 1459 2668 Unde
1486 2605 1718 2666 rationabiliter
1748 2605 1782 2664 in

129 2687 211 2745 suut
235 2688 445 2764 problemata
463 2684 645 2755 dialectica,
666 2683 704 2744 de
723 2683 841 2761 quibus
862 2684 945 2743 rela·
998 2683 1067 2760 ipso
1078 2685 1298 2744 consideratur
1312 2685 1396 2761 qubd
1409 2685 1530 2746 inducit
1540 2684 1675 2744 lormam
1689 2682 1721 2744 in
1736 2685 1783 2744 ta·

131 2761 243 2826 tiones
273 2782 342 2827 non
364 2765 537 2838 habemus,
553 2769 604 2837 ut,
621 2771 728 2824 otram
748 2761 881 2821 mundus
901 2761 946 2821 rit
998 2763 1059 2822 lem
1075 2763 1261 2836 materiam,
1276 2768 1381 2824 elnon
1397 2763 1429 2827 in
1443 2764 1538 2825 aliam
1555 2781 1595 2824 ex
1606 2759 1783 2826 differentit

132 2847 291 2904 eternas.
867 2907 875 2921 ,
945 2859 951 2870 ·
998 2841 1139 2902 materie
1155 2843 1192 2902 ad
1206 2843 1383 2903 materiam.
1405 2843 1462 2904 Sed
1485 2843 1621 2904 beenon
1637 2841 1784 2902 rationa-

178 2922 229 2982 Ad
247 2923 392 3002 primum
405 2937 482 3001 ergo
495 2921 663 2983 dicendum
676 2917 945 2999 quodantequdm
999 2920 1104 2985 biliter
1119 2922 1341 2985 consideratur
1356 2922 1388 2984 in
1404 2941 1442 2984 eo
1457 2922 1512 2999 qui
1530 2922 1625 2982 simul
1639 2919 1784 2998 producit

136 3002 287 3062 mundus
309 3005 413 3073 esset,
436 3001 589 3079 possibile
609 3001 669 3061 luit
686 2999 841 3061 mundum
855 3017 942 3072 osse,
1000 2998 1131 3058 lor-mam
1146 3005 1177 3059 et
1187 3001 1371 3071 materiam,
1386 3001 1440 3064 sed
1453 3001 1672 3062 consideratur
1686 2999 1784 3060 ratio·

136 3093 204 3139 non
221 3080 358 3159 quidem
379 3078 553 3142 secundum
569 3081 745 3158 potentiam
766 3079 943 3156 passivam,
1000 3079 1150 3138 rabiliter
1172 3081 1201 3138 in
1219 3097 1256 3138 co
1274 3079 1357 3156 qubd
1374 3081 1440 3158 ipse
1458 3079 1603 3157 producit
1618 3079 1784 3140 materiam

139 3173 215 3232 que
240 3165 291 3220 est
314 3159 471 3228 materia,
497 3158 551 3219 sed
572 3155 747 3219 seeundrlm
770 3157 946 3298 gotentiam
987 3174 1174 3234 .congruam
1191 3157 1299 3219 lormoe
1314 3159 1424 3219 ettini.
1440 3161 1544 3238 Agens
1561 3161 1667 3218 autem
1684 3156 1785 3235 parti-

140 3237 284 3300 aetivam
297 3238 355 3298 Dei
368 3233 768 3314 :etetiamsecundbmqu
791 3237 809 3295 d
827 3236 944 3294 dicitnr
1000 3238 1108 3296 colare
1128 3237 1345 3314 praesupponit
1367 3241 1507 3316 tempus,
1533 3238 1613 3298 sieut
1631 3240 1662 3297 et
1679 3241 1785 3296 mate-

143 3313 274 3394 aliquid
284 3316 431 3378 absolute
441 3317 611 3395 possibile.
622 3333 687 3375 uon
699 3313 873 3375 secundrim
887 3314 946 3373 ali·
1000 3315 1092 3374 riam.
1105 3315 1193 3376 Unde
1210 3317 1441 3378 rationabiliter
1453 3318 1672 3378 consideratur
1686 3316 1718 3376 in
1733 3330 1783 3388 eo,

144 3407 245 3484 quam
262 3397 456 3474 potentiam,
471 3395 526 3455 sed
539 3413 579 3455 ex
598 3395 667 3456 sold
681 3393 868 3455 habitudine
878 3396 959 3468 ter·¹
1001 3394 1084 3469 quod
1098 3393 1205 3533 agitio
1219 3399 1361 3472 tempore
1374 3397 1542 3474 posteriori
1555 3401 1659 3456 etnon
1672 3393 1784 3472 priori,

144 3487 330 3546 minorum,
354 3474 409 3549 qui
434 3473 494 3534 sibi
517 3490 581 3533 non
603 3478 805 3552 repugnant,
831 3489 945 3532 secun·
1001 3473 1118 3532 secund
1145 3491 1174 3532 m
1193 3473 1452 3553 imaginationem
1468 3473 1680 3536 successionis
1703 3478 1785 3533 tem-

145 3547 222 3612 dbm
235 3553 321 3629 quod
333 3553 486 3630 possibile
498 3554 671 3630 opponitur
688 3550 895 3630 impossibili,
908 3555 943 3610 ut
1001 3553 1086 3628 poris
1102 3554 1175 3628 post
1188 3556 1324 3629 tempus.
1339 3553 1396 3612 Sed
1412 3553 1444 3614 in
1461 3559 1574 3632 agente
1588 3551 1784 3626 universali,

146 3635 235 3702 patet
245 3649 304 3710 per
317 3631 546 3708 Philosophum
558 3633 591 3691 in
602 3631 621 3691 ὅ
634 3632 786 3708 lletapb.,
799 3634 876 3690 text.
893 3630 940 3688 17.
1000 3632 1083 3708 (quod
1098 3631 1242 3708 producit
1253 3651 1318 3690 rem
1333 3637 1580 3710 etlempus‚non
1591 3631 1786 3692 estconside·

187 3710 235 3770 Ad
257 3711 434 3772 secundum
458 3710 625 3772 dicendum
647 3709 732 3788 quod
756 3710 834 3771 illud
858 3708 943 3786 quod
999 3729 1072 3771 rare
1090 3710 1175 3786 quod
1189 3714 1413 3788 agatnune,et
1427 3729 1491 3772 non
1506 3709 1595 3790 priris
1608 3707 1785 3772 secunddm

150 3784 246 3876 babet
262 3790 415 3851 virtutem
429 3793 465 3850 ut
482 3789 522 3850 sit
541 3807 684 3868 semper,
703 3808 744 3850 ex
762 3807 827 3866 quo
847 3787 944 3848 babet
1000 3789 1257 3866 imaginationem
1279 3791 1430 3876 temporis
1452 3795 1525 3869 post
1541 3793 1678 3882 tempus,
1690 3787 1784 3866 quasi

150 3865 238 3927 illam
254 3869 424 3940 virtutem,
437 3885 501 3928 non
515 3869 709 3946 quandoque
723 3872 788 3940 ost,
801 3873 830 3928 et
842 3885 945 3942 quan·
998 3870 1122 3945 tempos
1136 3879 1402 3947 presupponatur
1415 3870 1483 3950 ejus
1500 3870 1633 3940 action13
1644 3867 1698 3930 sed
1709 3885 1785 3928 con-

149 3941 254 4026 doque
276 3964 341 4008 non
359 3951 422 4018 est3
444 3946 497 4008 sod
517 3946 690 4024 antequam
709 3947 842 4008 baberet
855 3949 944 4008 illam
999 3948 1202 4007 siderandum
1222 3954 1270 4008 est
1292 3949 1377 4025 qabd
1392 3950 1476 4010 dedit
1486 3947 1608 4010 ellectbi
1626 3963 1686 4007 suo
1699 3951 1785 4007 tem-

150 4025 320 4095 virtutem‚
348 4043 412 4086 non
439 4024 507 4085 luit.
534 4026 621 4087 Unde
647 4028 714 4086 lraeo
740 4027 840 4098 ratio,
872 4041 944 4162 que
996 4021 1784 4104 pus‚quantrimetquandovoluit,etsecundbm
1852 4017 1862 4030 “

152 4106 281 4180 ponitur
296 4106 336 4166 ab
349 4105 519 4165 Aristotele
533 4106 565 4165 in
580 4105 596 4164 1
614 4105 653 4165 de
665 4097 755 4178 Cel,
772 4106 879 4166 texti
902 4105 941 4176 0,
997 4105 1081 4181 qubd
1100 4105 1292 4165 conveniens
1309 4105 1367 4165 luit
1381 4107 1419 4167 ad
1435 4124 1526 4168 suam
1539 4105 1712 4183 potentiam
1726 4103 1785 4164 de-

153 4200 215 4242 uon
243 4183 405 4244 concludit
438 4184 642 4261 simpliciter,
668 4183 754 4262 qubd
787 4183 943 4244 incorru-
997 4181 1561 4246 nronstrandam.blanilestibsenim
1575 4181 1783 4242 mundusdu-

151 4263 274 4338 ptibilia
305 4279 371 4322 non
413 4263 614 4340 inceperunt
646 4280 732 4335 esse3
769 4263 821 4322 sed
857 4262 941 4340 quod
996 4263 1038 4322 cit
1052 4261 1085 4320 in
1101 4263 1312 4340 cognitionem
1332 4263 1447 4325 divina
1468 4261 1613 4342 potentie
1628 4261 1782 4335 creantis,

153 4357 215 4402 non
233 4341 437 4419 inceperunt
453 4359 523 4402 esso
540 4359 599 4420 per
613 4342 744 4403 modum
762 4341 942 4403 naturalem
995 4341 1022 4400 si
1036 4342 1174 4402 mundus
1190 4357 1254 4402 non
1270 4357 1395 4420 semper
1407 4341 1485 4416 luit,
1503 4339 1600 4419 qudm
1614 4341 1639 4402 si
1657 4357 1784 4417 semper

154 4419 939 4561 tulltltlrlbttrlrrllllb&blatta⁹1·
994 4419 1782 4562 llblbabbatiabatur-tll‘bllt

154 4579 373 4659 Physic.,loc.
396 4580 449 4640 eit.
473 4580 506 4638 in
528 4517 614 4658 arg,
662 4580 754 4640 rebat
773 4578 940 4639 materiam
995 4579 1197 4640 manifestum
1209 4577 1306 4640 estde
1320 4595 1359 4640 eo
1417 4580 1457 4640 od
1471 4544 1597 4658 semper
1611 4579 1679 4639 luit.

153 4675 219 4719 esse
232 4656 409 4737 ingenitam
423 4675 482 4737 per
494 4658 555 4719 boe
569 4597 661 4796 quod
669 4675 733 4718 non
744 4658 840 4718 babet
856 4659 940 4718 sub-
1032 4658 1077 4717 Ad
1089 4659 1269 4736 septimum,
1284 4657 1374 4718 dicen
1397 4676 1451 4719 um
1462 4658 1559 4735 qubd,
1570 4657 1653 4718 sicut
1665 4656 1781 4717 dicitur

151 4735 267 4814 jectum
288 4737 327 4798 de
345 4753 410 4814 quo
433 4737 490 4808 sit;
518 4735 550 4796 in
615 4741 721 4798 autem
742 4737 780 4796 do
807 4735 882 4797 Cel.
909 4741 940 4798 et
991 4737 1024 4796 tn
1039 4735 1058 4796 t
1071 4739 1208 4816 Physie,
1221 4740 1304 4796 dext.
1322 4737 1390 4806 100,
1405 4738 1493 4815 prius
1509 4740 1541 4798 et
1560 4735 1718 4814 posterius
1733 4739 1782 4795 est

152 4815 276 4887 llund.,
296 4816 356 4876 loc.
371 4816 422 4876 cil.
439 4817 471 4877 in
487 4833 574 4894 arg,
588 4816 828 4892 probatcoelum
841 4815 939 4894 inge-
992 4817 1025 4875 in
1044 4819 1205 4893 tempore,
1225 4814 1399 4876 seeundum
1417 4816 1502 4894 quod
1521 4817 1610 4894 prius
1624 4818 1656 4876 et
1672 4818 1782 4892 poste-

152 4895 269 4966 nitum,
292 4895 452 4972 quianon
472 4894 780 4956 babeteontrarium
808 4910 849 4953 ex
872 4911 938 4970 quo
990 4895 1058 4955 rius
1081 4897 1129 4955 est
1152 4895 1184 4954 in
1205 4899 1304 4955 motu.
1329 4893 1417 4956 Unde
1441 4895 1635 4974 principium
1658 4896 1689 4953 et
1707 4891 1780 4953 linis

151 4979 331 5052 generetur.
355 4973 443 5034 Unde
468 4978 556 5052 patet
576 4972 661 5050 qubd
688 4990 744 5052 per
763 4976 938 5050 utrumque
991 4973 1176 5050 accipienda
1185 4977 1261 5032 sunt
1275 4974 1308 5033 in
1321 4976 1480 5052 tempore,
1495 4974 1578 5034 sicut
1587 4975 1618 5033 et
1630 4972 1664 5032 in
1677 4973 1777 5030 motu.
1819 5029 1822 5034 .

150 5069 213 5112 non
229 5051 441 5122 concluditur,
457 5053 520 5114 nisi
533 5053 616 5130 quod
630 5051 764 5114 materia
778 5054 810 5112 et
822 5053 937 5112 ooelum
990 5049 1160 5130 Suppositd
1179 5056 1286 5113 autem
1310 5053 1485 5114 eternitate
1505 5051 1628 5123 moltis,
1648 5067 1779 5112 necesse

151 5147 214 5190 non
237 5131 437 5209 inceperunt
455 5149 515 5210 per
531 5133 788 5210 generationem,
807 5133 844 5191 ut
865 5131 937 5208 qui·
990 5131 1134 5208 estquod
1151 5131 1317 5208 quodlibet
1332 5135 1528 5192 momentum
1542 5131 1576 5190 in
1591 5135 1780 5190 motuacce·

150 5209 221 5270 dam
236 5211 412 5287 ponebant,
425 5209 585 5289 precipue
597 5210 634 5270 de
647 5211 738 5272 eoelo.
751 5210 815 5270 Nos
830 5214 937 5270 autem
989 5212 1078 5287 ptum
1089 5211 1130 5270 sit
1141 5211 1333 5288 principium
1345 5214 1376 5270 et
1389 5211 1543 5271 terminus
1558 5208 1661 5270 motus
1675 5209 1779 5285 :quod

150 5287 284 5349 dicimus
311 5288 396 5366 quod
423 5289 556 5352 materia
583 5291 616 5350 et
642 5289 756 5350 ooelum
781 5289 937 5367 producta
989 5307 1053 5348 non
1065 5293 1205 5366 oportet,
1221 5291 1246 5349 si
1260 5293 1364 5350 motus
1378 5289 1519 5367 incipiat.
1529 5289 1568 5348 Et
1578 5289 1687 5350 cadem
1696 5285 1779 5346 ratio

152 5371 227 5430 sunt
260 5367 295 5427 in
319 5385 388 5428 esse
412 5385 472 5446 per
491 5370 704 5440 creationem,
725 5370 761 5429 ut
781 5387 823 5430 ex
844 5367 935 5428 dietis
989 5372 1038 5430 est
1051 5368 1090 5428 de
1104 5387 1188 5429 aun-c
1204 5369 1367 5446 temporis.
1383 5368 1423 5427 Et
1435 5369 1480 5429 sic
1495 5372 1582 5446 patet
1595 5367 1680 5444 qubd
1695 5365 1778 5428 ratio
1856 5433 1859 5440 ,

151 5463 206 5524 qu.
220 5443 276 5517 ab,
292 5450 352 5506 art.
369 5447 476 5519 lete,
494 5451 590 5527 patet.
988 5445 1045 5510 illa
1063 5447 1212 5509 instantis
1228 5467 1328 5515 avitae,
1345 5447 1429 5525 quod
1451 5465 1579 5526 semper
1599 5447 1640 5506 sit
1655 5443 1779 5524 princi-

190 5525 235 5587 Ad
251 5529 401 5604 quartum
417 5527 585 5587 dicendum
594 5526 679 5603 quod
694 5525 732 5588 ad
746 5525 935 5588 relationem
987 5527 1076 5604 pium
1091 5530 1122 5587 et
1136 5527 1206 5586 finis
1222 5527 1394 5605 temporis,
1406 5525 1631 5665 {msuqumm
1646 5523 1779 5587 eterni-

151 5605 245 5666 racui
259 5620 324 5665 non
337 5603 452 5666 sufficit
465 5606 571 5685 inquo
588 5605 667 5667 albii
686 5615 739 5673 ast,
757 5605 810 5666 sed
825 5606 936 5681 requi·
986 5608 1083 5668 tatem
1112 5606 1263 5683 temporis
1286 5610 1326 5666 et·
1339 5611 1405 5666 mot
1430 5625 1455 5665 s.
1482 5605 1529 5666 Un
1553 5623 1570 5665 o
1593 5604 1778 5665 Aristoteles

150 5685 233 5746 ritur
244 5683 329 5762 qubd
343 5684 384 5744 sit
394 5686 532 5764 spatium
543 5701 646 5762 capax
657 5687 812 5762 eorporis,
826 5685 857 5744 in
870 5701 935 5761 quo
987 5684 1072 5746 hane
1086 5685 1242 5745 rationem
1257 5684 1377 5744 inducit
1388 5685 1421 5744 in
1437 5683 1607 5765 8Pbysio.,
1624 5686 1699 5744 text.
1720 5681 1778 5756 10,

153 5779 216 5825 uon
233 5763 275 5824 sit
291 5778 424 5841 eorpus,
439 5768 476 5825 ut
486 5767 573 5844 patet
583 5782 640 5842 per
658 5765 858 5825 Aristotelem
872 5762 934 5823 int
988 5768 1100 5827 eontra
1113 5781 1167 5825 eos
1181 5765 1237 5843 qui
1252 5766 1415 5843 ponebant
1429 5764 1635 5826 eternitatem
1651 5767 1779 5843 tempo-

153 5842 290 5911 llbrsic„
305 5847 384 5905 text.
405 5843 454 5902 00.
489 5845 552 5905 Nos
576 5851 683 5906 autem
706 5845 839 5905 dicimus
868 5859 935 5905 non
987 5843 1033 5904 ris
1041 5871 1050 5916 t
1067 5842 1121 5905 sed
1135 5846 1297 5908 necabant
1308 5845 1517 5908 eternitatem
1529 5841 1645 5906 motds.
