4018 6346
282 328 351 396 ust
797 319 927 394 sunna
946 337 1173 400 Tlluomolcbs
1193 341 1281 402 rans
1298 330 1411 404 rainl.
1868 346 1929 416 lam
1963 366 1964 432 l

281 454 378 531 caput
393 443 599 511 scientiarum
608 445 890 526 speculativarum.
906 449 993 511 Unde
1005 467 1072 530 pa·
1125 456 1232 519 nobis.
1248 456 1330 520 lllud
1348 462 1457 521 autem
1474 459 1576 524 otiosd
1596 465 1632 525 et
1649 460 1787 524 frustra
1807 480 1877 526 csse
1890 469 1930 531 di.

281 535 326 592 tet
342 527 427 609 quod
444 525 632 622 {⁴¹.¹⁸“.’¹e¹⁰⁸
647 527 755 618 posuit
768 527 914 590 ultimam
936 527 1074 593 ielicita-
1126 534 1209 596 citur
1227 535 1313 615 qnod
1331 555 1396 599 non
1417 541 1629 619 consequitur
1649 539 1762 604 finem
1778 541 1821 604 ad
1843 563 1928 622 quem

280 613 345 672 tem
371 607 509 668 hominis
540 623 574 666 in
601 609 783 697 cognitione
817 608 1071 698 substantiarum
1124 615 1295 684 est;etsio
1313 621 1542 698 consequitur
1561 621 1928 688 substantiasimmate·

280 691 520 768 separatarum,
536 685 641 762 qualis
657 687 761 762 potest
769 684 882 746 haberi
897 702 954 764 per
968 687 1071 750 scien·
1123 691 1220 755 riales
1232 711 1303 756 esse
1316 694 1454 773 frustra,
1468 697 1593 761 etiamsi
1605 699 1709 762 nullo
1725 699 1830 762 modo
1846 703 1927 768 intel·
1964 717 1965 720 ’

279 767 339 830 tias
355 763 586 846 speculativas,
596 767 628 825 ct
642 779 706 824 non
726 781 784 842 per
795 763 1071 828 continuationem
1124 769 1303 850 ligerentur
1316 772 1336 837 d
1351 776 1457 838 nobis.

278 842 457 907 intellectus
472 842 596 934 agentis
611 840 836 923 aquibusdam
848 842 1027 906 confictam.
1163 850 1211 911 hd
1227 853 1375 930 quintum
1395 854 1564 917 dicendum
1582 857 1677 937 quod
1694 857 1819 920 eodem
1843 863 1926 927 modo

264 963 271 984 ,
318 922 426 998 Sexto,
442 939 519 1014 quia
543 937 642 1000 supra
663 924 829 982 ostensum
850 926 918 995 est,
936 940 992 1001 qu.
1015 923 1067 1000 7⁹,
1123 934 1410 1010 sensuscognoseit
1419 940 1451 996 et
1459 936 1626 1014 superiora
1638 943 1676 1000 ct
1688 937 1853 1002 inferiora
1865 960 1926 1003 cor·

278 1000 1069 1094 arti,quddintellectunagensnonostsubstan-
1121 1023 1218 1085 pora,
1244 1011 1364 1072 seilicet
1398 1030 1455 1091 per
1477 1015 1750 1078 immutationem
1779 1033 1818 1078 or
1841 1019 1925 1086 anit

277 1084 324 1145 tia
347 1085 513 1160 separata,
531 1078 587 1141 sed
607 1083 708 1140 viniis
727 1079 875 1156 quedam
894 1095 1010 1142 aniona
1028 1081 1068 1144 ad
1122 1088 1277 1149 sensibili.
1292 1089 1361 1151 Non
1372 1097 1480 1152 antem
1493 1094 1605 1156 eodem
1621 1095 1730 1156 modo
1747 1036 1925 1177 intefligun·

276 1160 388 1224 eadem
402 1158 505 1223 active
519 1177 554 1220 se
568 1157 744 1220 extendens
759 1157 800 1220 ad
812 1174 885 1236 qma
899 1177 934 1220 se
946 1165 1069 1222 enten—
1121 1170 1175 1226 tur
1187 1165 1207 1230 a
1219 1169 1311 1229 nobis
1325 1170 1512 1234 substantia
1522 1173 1717 1236 materiales
1731 1219 1740 1246 ,
1752 1191 1829 1254 quae
1843 1177 1924 1238 intel·

276 1241 320 1301 dit
342 1239 523 1301 intellectus
546 1236 708 1328 possibilis
728 1235 904 1328 receptivas
919 1237 1013 1316 quia,
1032 1243 1068 1300 ut
1120 1242 1266 1322 liguntur
1287 1265 1344 1324 per
1365 1250 1493 1310 modum
1515 1251 1782 1324 abstractionis,
1803 1259 1835 1314 et
1854 1258 1924 1317 suh-

276 1320 394 1381 dicitur
412 1317 446 1379 in
465 1316 484 1376 3
503 1315 542 1378 de
561 1313 692 1390 Anima,
713 1319 791 1405 text.
812 1313 868 1406 ts,
886 1316 1066 1407 intellectus
1121 1325 1246 1386 stantiae
1258 1325 1589 1408 immaterialemque
1601 1348 1671 1392 non
1692 1337 1840 1409 possunt
1855 1334 1922 1398 sici

275 1397 438 1478 possibilis
456 1401 578 1475 estque
601 1401 644 1455 est
666 1397 868 1474 ceratapon,
887 1396 1067 1458 intellectus
1120 1403 1213 1464 nobis
1232 1403 1386 1486 intelligi,
1402 1408 1480 1486 quia
1500 1427 1566 1470 non
1583 1414 1664 1472 sunt
1682 1427 1808 1472 carum
1823 1412 1922 1492 aliqua

276 1495 395 1572 agens,
416 1494 477 1555 quo
507 1482 550 1534 est
579 1473 684 1564 omnio
701 1473 811 1554 [acme.
831 1473 971 1551 Uterque
989 1491 1066 1554 ergo
1120 1481 1358 1558 phantasmata,

275 1557 455 1618 intellectus
470 1570 505 1615 se
513 1552 655 1614 extendit
666 1548 841 1613 seeundum
851 1554 968 1612 statum
982 1571 1067 1632 prte-

275 1635 375 1698 sontis
387 1633 458 1695 vito
470 1632 509 1692 ad
518 1629 696 1692 materialia
706 1630 792 1704 sola,
803 1647 876 1708 quc
885 1631 1065 1693 intellectus
1120 1603 1300 1696 A⁸T¹⁶⁰P¹3⁸
1319 1623 1354 1667 ¹¹·
1365 1607 1527 1672 ‘Uliam
1541 1610 1732 1704 intellectus
1750 1619 1860 1704 noster
1871 1631 1920 1694 per

275 1731 374 1794 agens
389 1712 464 1775 iacit
482 1709 695 1790 intelligibilia
711 1712 802 1782 actu,
823 1713 855 1770 et
865 1709 1067 1788 recipiuntur
1159 1694 1370 1776 wiltuim
1384 1703 1488 1778 stium
1501 1692 1721 1752 menalium
1733 1701 1841 1783 notet!
1852 1711 1918 1772 per-

275 1793 309 1854 p„
323 1792 487 1853 ingelhem
502 1788 658 1867 possibili,
1158 1779 1261 1853 occare
1278 1764 1319 1824 ad
1333 1765 1571 1858 intellegendum
1590 1768 1800 1831 substantias
1817 1789 1918 1832 emmo-

314 1869 402 1934 Unde
415 1866 591 1932 secundum
607 1870 726 1929 statum
738 1867 902 1944 presentis
917 1866 990 1929 vitm
1002 1885 1067 1929 ne-
1129 1861 1133 1868 ’
1158 1843 1338 1904 malit*
1349 1844 1579 1925 (L0018W1ffffi
1594 1855 1657 1908 “ri-
1674 1850 1708 1923 15
1726 1849 1891 1929 induisti-J

274 1969 339 2029 qne
369 1966 427 2027 per
448 1947 645 2010 intellectum
667 1947 852 2024 possibilem
876 1963 981 2024 neque
1008 1965 1066 2026 per
1157 1941 1206 2002 Ad
1231 1944 1407 2005 secundum
1431 1945 1477 2007 sic
1507 1947 1710 2025 proceditur.
1744 1949 1775 2008 1.
1793 1949 1916 2010 Videtur

273 2028 469 2090 intellectum
490 2029 639 2105 agentem
676 2041 848 2104 possumus
884 2024 985 2085 intelli
1009 2044 1063 2088 ere
1118 2019 1204 2098 quod
1221 2020 1399 2085 intellectus
1419 2029 1530 2086 noster
1550 2045 1608 2104 per
1625 2027 1913 2120 cognitionemre-

273 2108 470 2172 snbstantias
479 2109 644 2184 separatas
653 2103 879 2166 immateriales
890 2043 1066 2166 seeundum
1117 2117 1189 2160 rum
1201 2101 1417 2164 materialium
1429 2104 1530 2181 possit
1544 2123 1722 2182 pervenire
1739 2106 1781 2168 ad
1800 2107 1913 2168 intelli-

274 2187 321 2251 sei
345 2203 409 2250 sas.
1140 2178 1255 2239 endum
1267 2182 1462 2244 substantias
1477 2184 1725 2246 immateriales.
1742 2184 1912 2247 Dicitenim

314 2205 359 2328 Ka
370 2265 511 2344 primum
523 2265 599 2341 er‘go
610 2259 778 2322 dicendum
793 2259 994 2337 quddexilld
1006 2278 1065 2324 au·
1116 2197 1301 2338 Bionysins,
1318 2261 1334 2320 1
1354 2278 1381 2322 c.
1399 2263 1517 2323 coelest.
1535 2261 1637 2336 Hier„
1653 2261 1908 2337 seminamur..

272 2345 419 2407 ctoritate
437 2341 609 2422 Augustini
631 2340 741 2402 haberi
757 2343 861 2416 potest
882 2338 965 2416 qudd
986 2339 1064 2402 illud
1117 2335 1201 2413 qudd
1212 2355 1277 2398 uon
1287 2347 1331 2400 est
1339 2337 1487 2418 possibile
1496 2340 1635 2404 humano
1645 2343 1750 2404 menti
1761 2342 1910 2405 adiurna-

271 2423 357 2503 quod
365 2439 454 2483 mens
462 2418 616 2499 nostrade
623 2417 804 2510 cognitione
814 2417 1064 2495 incorporalium
1118 2417 1254 2476 teriolem
1264 2417 1350 2479 illum
1365 2417 1487 2480 sursum
1503 2421 1637 2483 recitari
1647 2422 1825 2484 celestium
1833 2421 1908 2482 Hie-

271 2519 383 2564 rerum
402 2499 532 2578 accipit,
552 2515 611 2576 per
626 2513 766 2576 seipsam
789 2512 982 2576 cognoscere
996 2515 1066 2576 pos-
1117 2494 1313 2555 rarchiorum
1334 2497 1640 2578 contemptationem,
1661 2501 1734 2563 nisi
1749 2498 1908 2562 succinditur

273 2581 374 2644 situi
387 2576 537 2640 booaded
549 2580 730 2648 vernmest,
741 2579 777 2636 ut
788 2576 976 2654 etiamapud
987 2577 1065 2637 Phi·
1116 2591 1147 2632 se
1157 2575 1561 2638 materialimaouduetione
1572 2587 1698 2640 utatur.
1710 2579 1908 2657 Relinquitur

270 2659 443 2799 losoghum
463 2656 604 2728 dicatur,
618 2658 697 2716 text.
714 2652 749 2727 2,
767 2653 852 2715 libi
871 2653 910 2715 de
930 2655 1062 2732 Anima,
1116 2654 1538 2732 ergcqubdpermaterialia
1552 2659 1732 2721 manuduci
1743 2675 1903 2738 passuum

271 2739 338 2877 gub
374 2735 508 2800 scientia
519 2736 557 2797 de
571 2733 680 2796 anirnd
692 2738 739 2795 est
750 2733 943 2811 principium
954 2735 1064 2812 quod·
1116 2731 1155 2793 ad
1169 2733 1407 2813 intelligendum
1418 2737 1614 2798 substautias
1628 2737 1869 2799 immateriales.

293 2836 344 2880 am
356 2817 396 2879 ad
405 2813 661 2894 cognoscendum
675 2811 871 2874 substantias
884 2819 1061 2890 separatas.
1154 2809 1184 2870 2.
1201 2813 1373 2884 Praeterea,
1390 2815 1523 2876 scientia
1539 2818 1588 2878 est
1606 2815 1640 2877 in
1654 2815 1836 2878 intellectu.
1850 2811 1902 2876 Sed

271 2896 330 2960 Per
348 2897 412 2958 hoc
432 2894 518 2956 enim
538 2891 625 2970 qudd
643 2891 751 2952 anima
771 2897 880 2952 nostra
898 2893 1063 2970 cognoscit
1115 2891 1255 2952 scientie
1265 2897 1296 2953 et
1304 2891 1504 2956 definitiones
1515 2894 1838 2958 suntdesubstantiis
1851 2894 1901 2954 im·

270 2969 1063 3127 litataaltstat.,ttssllttlsllslbla
1115 2969 1903 3132 ababaattitularetur?l?

948 3094 956 3122 r
1048 3083 1063 3096 “
1226 3093 1233 3107 ·
1320 3095 1341 3123 ·r
1374 3094 1423 3124 ‘r
1887 3081 1901 3096 ‘

271 3133 335 3194 leni
348 3149 420 3195 eam
433 3129 589 3209 contingit
600 3128 737 3200 habere,
757 3144 823 3189 non
837 3126 922 3206 quod
937 3127 1063 3207 simpli·
1114 3128 1381 3205 qua'dccumenta
1393 3098 1638 3194 tradunturta’m
1649 3133 1684 3192 in
1694 3072 1899 3210 theoglogicis,

272 3205 352 3305 citer
364 3216 395 3273 et
410 3207 549 3291 perfecte
567 3225 623 3270 eas
645 3211 819 3286 cognoseat
839 3207 1061 3286 cognoscendo
1115 3205 1212 3299 quim
1229 3207 1262 3300 ia
1277 3208 1508 3302 philosophicis
1528 3209 1722 3304 disciplinis.
1737 3211 1821 3353 Ergo
1833 3209 1898 3300 snb-

272 3308 556 3431 selgislageoundum
583 3363 751 3426 dicendum
773 3363 861 3444 qudd
888 3355 1061 3427 similitudo
1114 3287 1897 3449 stgrtbassfflgergzlssslgnfflnzoggq:ille81:321}ss

272 3456 396 3511 naturae
409 3465 474 3508 non
490 3451 539 3508 est
559 3444 641 3508 ratio
660 3443 820 3505 sufficiens
838 3443 878 3504 ad
899 3461 936 3505 oo
959 3443 1062 3505 nitio-
1114 3444 1367 3505 substantiarum
1377 3445 1649 3509 immaterialium.
1659 3445 1722 3511 Sed
1732 3450 1802 3528 ipsa
1815 3443 1895 3506 intel·

272 3547 361 3599 nem;
378 3525 522 3604 alioquin
539 3528 701 3602 oporteret
718 3521 822 3585 dicere
836 3522 921 3600 qnod
938 3461 1062 3601 ffimpe-
1113 3520 1168 3600 ligi
1186 3527 1290 3600 potest
1305 3521 1325 3586 al
1338 3521 1431 3585 nobis
1445 3542 1503 3604 per
1518 3531 1625 3587 actum
1640 3543 1758 3600 snum,
1778 3541 1839 3605 quo
1855 3523 1896 3582 iu·

272 3607 378 3670 docies
391 3602 578 3681 dicit‚qubd
591 3602 698 3665 anima
712 3609 796 3664 esset
809 3600 976 3664 denatura
989 3619 1062 3662 om-
1113 3601 1227 3680 telligit
1251 3604 1442 3665 materialia.
1467 3605 1551 3685 Ergo
1569 3608 1602 3666 et
1626 3607 1698 3668 alise
1722 3601 1893 3668 substantia

273 3685 383 3756 nium,
398 3684 437 3745 ad
457 3683 519 3744 hoc
535 3681 621 3760 quod
636 3681 744 3741 omnia
764 3684 980 3759 cognosceret.
1002 3680 1061 3742 Sed
1114 3679 1341 3742 immateriales
1365 3682 1500 3763 intelligi
1531 3687 1668 3761 possunt
1693 3684 1715 3750 a
1740 3683 1828 3747 nobis
1846 3695 1894 3759 per

272 3763 449 3840 requiritur
459 3760 499 3823 ad
513 3758 768 3840 cognoscendum
786 3764 819 3819 ut
830 3759 1003 3819 similitudo
1015 3761 1060 3820 rei
1114 3775 1190 3820 suos
1206 3757 1335 3822 euectus
1348 3760 1381 3821 in
1397 3764 1493 3824 rebus
1508 3762 1745 3827 materialibus.

274 3841 410 3921 cognitae
430 3840 471 3902 sit
493 3841 526 3901 in
545 3843 775 3917 cognoscente,
798 3837 892 3914 quasi
916 3838 1062 3914 quaedam
1100 3881 1104 3888 -
1153 3836 1183 3896 li.
1203 3840 1377 3911 Praeterea,
1398 3840 1454 3902 illa
1470 3842 1540 3902 sola
1553 3858 1652 3904 causa
1667 3861 1728 3922 per
1740 3858 1813 3904 suos
1830 3833 1892 3898 elic·

274 3921 376 3983 fornia
386 3920 498 3998 ipsius.
510 3919 693 3981 Intellectus
710 3922 818 3978 autem
834 3921 943 3976 noster
955 3917 1062 3993 possi·
1114 3920 1182 3976 ctus
1194 3918 1419 3996 comprehendi
1431 3937 1496 3980 non
1507 3923 1737 3999 potestqueein
1749 3918 1892 3982 inlinitum

244 4013 248 4018 “
273 4001 347 4062 bilis
362 3996 536 4062 secundum
550 4001 668 4058 statum
681 3996 846 4073 praesentis
858 3995 931 4056 vitae
944 4003 991 4055 est
1005 4013 1062 4058 na·
1092 4037 1096 4045 -
1114 3994 1210 4057 distat
1226 3993 1246 4058 d
1262 3998 1329 4059 suis
1343 3995 1519 4060 effectibus.
1536 4000 1723 4063 lloeautem
1740 3991 1889 4063 soliusllei

273 4088 324 4141 tus
338 4078 502 4140 informari
516 4073 777 4138 similitudinibus
791 4092 898 4135 rerum
913 4075 1062 4136 materia·
1114 4079 1163 4134 est
1178 4075 1354 4153 proprium.
1368 4077 1411 4137 Er
1434 4095 1452 4138 ο
1469 4080 1541 4140 aliae
1556 4080 1748 4143 substantie
1762 4077 1890 4140 immate-

273 4157 352 4218 lium
379 4156 399 4222 d
421 4154 697 4244 phantasmatibus
710 4154 886 4246 ‘abstractis
907 4172 914 4212 ε
940 4159 971 4214 et
992 4153 1062 4215 idcd
1113 4153 1209 4215 riales
1223 4160 1338 4216 create
1347 4096 1481 4236 intefligi
1500 4157 1666 4238 possuntd
1679 4159 1772 4221 nobis
1782 4173 1835 4236 per
1844 4165 1886 4213 ret

273 4238 438 4316 cognoscit
446 4237 547 4316 magis
561 4233 739 4297 materialia
750 4230 848 4310 qudm
865 4233 1061 4295 substantias
1115 4232 1307 4296 materiales.

274 4316 512 4378 immateriales.
1153 4311 1211 4373 Sed
1226 4317 1338 4373 contra
1348 4316 1396 4374 est
1407 4313 1492 4392 quod
1503 4315 1677 4395 Dionysius
1687 4315 1763 4378 dicit
1773 4315 1805 4389 ,1
1820 4329 1843 4372 c.
1857 4307 1887 4396 de

314 4395 360 4456 ild
380 4394 508 4455 tertium
522 4391 691 4453 dicendum
709 4389 795 4467 qubd
815 4390 991 4468 requiritur
1004 4390 1063 4451 ali·
1114 4390 1177 4451 div.
1191 4391 1644 4472 Nom.,nonproculdprinc.,
1656 4389 1886 4472 qubdsmsibih·

275 4491 339 4551 qua
353 4470 640 4551 proportioobjecti
655 4469 694 4530 ad
705 4469 879 4545 potentiam
892 4470 1064 4549 cognosci·
1115 4467 1171 4530 bos
1187 4469 1416 4548 intelligibilia,
1435 4480 1463 4532 et
1490 4491 1555 4534 cont
1580 4473 1670 4536 oritis
1687 4472 1844 4554 simplicio.
1863 4470 1885 4524 tt

274 4553 443 4624 tivam,ut
456 4549 551 4612 activi
566 4547 606 4609 ad
618 4546 843 4624 passivuin,et
859 4547 1061 4637 perfectionis
1116 4547 1333 4626 corporalibus
1372 4493 1589 4632 incorporalia
1622 4551 1884 4634 apprehenditur

274 4631 315 4693 ad
330 4628 535 4710 perfectibile.
553 4626 641 4688 Unde
658 4625 743 4703 qubd
757 4626 947 4688 excellentia
962 4627 1063 4687 sensi·
1109 4635 1255 4708 possunt.

274 4709 352 4774 bilia
374 4726 438 4771 non
456 4707 625 4784 capiantur
639 4702 659 4766 d
674 4722 787 4778 sensu,
810 4721 874 4764 non
891 4705 959 4766 sola
980 4707 1062 4766 ratio
1153 4706 1341 4784 llespondec
1356 4707 1522 4769 dicendum
1536 4708 1633 4788 qudd,
1649 4709 1731 4772 sieut
1746 4711 1881 4773 lvenoo

274 4795 339 4863 est,
357 4789 435 4868 quia
448 4791 659 4863 corrumpunt
672 4799 793 4863 organa
813 4783 992 4858 sensibilia,
1008 4786 1062 4846 sed
1114 4785 1276 4846 narratio
1297 4785 1316 4846 3
1336 4786 1374 4848 de
1397 4787 1532 4861 Anima,
1555 4806 1669 4850 comm.
1692 4789 1748 4864 36,
1772 4783 1881 4866 quidam

274 4868 371 4930 etiam
394 4867 471 4946 quia
502 4869 575 4926 sunt
599 4863 884 4942 improportionata
913 4865 1061 4955 potentiis
1116 4862 1307 4942 (Arempace
1321 4865 1463 4946 nomine)
1482 4867 1590 4946 posuit
1604 4867 1689 4946 qudd
1703 4885 1762 4947 per
1774 4861 1882 4928 intelle-

274 4946 449 5010 sensitivis.
471 4945 511 5005 Et
523 4945 584 5005 hoc
599 4942 690 5003 modo
712 4941 896 5003 substantiae
916 4949 1064 5005 immate-
1114 4948 1199 5005 ctum
1219 4945 1472 5007 substantiarum
1500 4946 1715 5008 materialium
1736 4937 1879 5026 pervenire

273 5026 371 5088 riales
397 5029 472 5087 sunt
493 5021 788 5102 improportionatae
809 5020 982 5083 intellectui
1004 5039 1063 5084 nc·
1114 5039 1286 5100 possumus
1301 5023 1477 5084 secundum
1493 5043 1568 5087 vcra
1583 5019 1880 5104 philosophiaprin·

273 5111 341 5166 stro
362 5099 536 5196 seeundum
564 5105 752 5193 praesentem
773 5104 909 5172 statum,
938 5105 972 5160 ut
996 5118 1062 5162 non
1114 5101 1198 5194 eipia
1218 5101 1257 5162 ad
1278 5103 1520 5197 intelligendum
1534 5105 1729 5166 substantias
1749 5103 1879 5184 immaio-

273 5180 740 5342 poisdntqgilrgretfflerllilcffiiduni
773 5254 860 5334 qudd
890 5255 946 5320 illa
978 5259 1061 5319 ratio
1114 5173 1878 5338 {ffslfrsahi'sstlenqgnildffitaffirlil‹immi-ruah&trlrlizilsen

273 5339 539 5403 Commentatoris
572 5336 789 5416 multipliciter
813 5331 927 5396 delicit.
956 5337 1061 5400 Primo
1114 5337 1173 5409 rid,
1187 5337 1214 5397 si
1225 5336 1448 5400 iterdminilla
1459 5340 1632 5418 quidditate
1645 5342 1687 5403 sit
1699 5337 1810 5420 aliquid
1823 5345 1875 5393 nia·

272 5420 402 5498 quidem
431 5419 508 5500 quia
535 5435 601 5478 nou
630 5415 776 5494 sequitur
807 5413 893 5491 quod
923 5416 950 5476 si
978 5419 1063 5478 sub-
1114 5416 1217 5484 teria,
1233 5417 1350 5493 poterit
1361 5417 1475 5480 iterato
1490 5418 1738 5493 abstrahere;et
1752 5419 1815 5482 edm
1827 5412 1875 5500 ¹1⁵⁰ss

273 5500 398 5561 stantia
426 5501 581 5577 separatu
612 5512 677 5556 non
705 5492 926 5572 intelliguntur
952 5491 972 5556 d
1000 5512 1062 5555 no-
1113 5495 1146 5556 in
1160 5495 1318 5556 inlinitum
1332 5513 1397 5558 non
1414 5498 1718 5576 procedat,tandem
1732 5503 1874 5578 pervetusti

273 5578 346 5649 bis,
385 5594 450 5638 non
485 5576 706 5654 intelligantur
738 5575 780 5634 ab
815 5571 925 5649 aliquo
957 5573 1063 5636 intel·
1112 5574 1230 5652 poterit
1246 5574 1285 5636 ad
1304 5574 1552 5656 intelligibilium
1573 5577 1716 5657 aliquam
1736 5570 1874 5656 quiddita-

274 5657 380 5728 lectu3
413 5655 637 5733 intelliguntur
662 5651 749 5713 enim
776 5649 796 5714 d
823 5649 955 5730 seipsis,
983 5661 1014 5713 et
1040 5650 1061 5718 d
1112 5658 1199 5729 tem,
1219 5671 1292 5732 queo
1312 5655 1354 5716 sit
1372 5654 1506 5718 omnino
1526 5657 1595 5718 sine
1617 5657 1765 5732 materid3
1784 5659 1810 5717 et
1826 5649 1873 5709 11⁰⁰

274 5752 309 5796 se
324 5735 471 5796 invicem.
490 5731 634 5794 Secundd
650 5731 727 5808 quia
746 5734 874 5792 nonest
894 5727 966 5792 linis
982 5733 1063 5792 snb-
1113 5739 1161 5796 cst
1176 5733 1354 5814 intelligere
1370 5734 1581 5796 substantiam
1593 5737 1821 5799 immaterialem

273 5813 465 5882 stantiaruni
488 5817 709 5891 separatarum
732 5813 770 5870 ut
792 5808 1015 5896 intelligantur
1041 5809 1062 5876 a
1151 5811 1240 5888 Quod
1254 5813 1382 5892 quidem
1394 5813 1564 5880 efficaciter
1576 5815 1753 5894 diceretur,
1767 5812 1791 5876 si
1805 5805 1870 5872 sull-
