4008 6346
88 289 164 348 loss
368 292 501 363 QUAEST.
522 289 602 348 Lxx.
625 287 796 346 bubalius
815 285 975 342 onustus
995 285 1157 352 'qllileUll
1177 287 1221 342 Al)
1241 289 1405 356 otltttltltt
1427 290 1517 346 blant.
1633 305 1636 312 '
1697 299 1763 352 ldis

86 409 183 469 tione
199 411 325 474 terrm
342 409 529 489 intelligitur
546 407 668 469 utilitas
689 403 841 475 hominis,
863 401 919 478 qni
976 400 1027 490 lib·
1042 399 1080 462 de
1095 399 1219 461 orthod.
1237 402 1259 462 F
1264 403 1317 472 id.,
1332 421 1401 482 cap.
1417 404 1447 476 b,
1463 407 1537 465 circ.
1554 405 1607 466 lsn.
1624 429 1630 466 :
1647 409 1762 472 Nesllne

84 488 302 552 secundum
320 491 461 554 animam
479 488 645 566 praelcrtur
660 483 847 562 corporibus
864 481 921 540 lu-
973 486 1126 538 onerantes
1138 481 1237 547 colos.
1252 481 1298 542 ecl
1310 483 1478 544 lusesinmie
1495 487 1642 556 estimet:
1658 488 1749 550 inani

84 568 300 630 minarium
315 569 464 650 (tphihtt
476 573 582 630 tamen
594 565 739 644 prohibet
752 561 824 628 dici.
835 559 919 638 qubd
972 557 1049 617 meti
1063 557 1142 617 enirn
1153 567 1238 632 sunt,
1250 567 1278 620 el
1292 561 1495 622 insensibiles.

84 645 236 726 dignior
255 653 420 712 creatura
434 647 713 724 lactacstpropter
724 639 917 707 interiorem,
1013 637 1202 728 Respondes
1234 639 1402 700 dicendum
1434 641 1518 718 qudd
1547 643 1631 706 circa
1666 646 1761 710 istam

85 745 157 786 non
177 727 387 789 secundum
404 726 490 866 publ
507 727 538 786 in
561 743 595 786 sc
610 722 841 789 consideratur,
864 717 918 778 sed
974 720 1183 792 quaestionem
1210 717 1294 794 apud
1317 718 1523 798 philosophos
1553 720 1609 782 luit
1634 724 1761 790 diversa

85 805 306 868 seeundum
337 805 402 887 qul)
445 805 613 867 ordinatur
637 801 678 864 ad
706 798 917 878 integritatem
973 793 1092 886 opinio.
1110 793 1427 874 Anaxagorasenim,
1445 803 1482 859 ut
1496 801 1693 880 Augustinus
1707 823 1761 865 re-

85 884 276 948 universi·
974 871 1045 944 lert,
1065 873 1118 932 hb.
1136 872 1173 933 18
1185 873 1224 934 de
1240 875 1330 936 Civit.
1352 875 1422 948 Dei,
1446 896 1473 938 c.
1493 876 1544 952 tt,
1569 885 1643 942 ante
1662 883 1760 957 med„

129 964 185 1024 gd
205 967 382 1042 quintum
396 963 564 1026 dicendum
584 960 772 1039 quantana,
788 953 918 1034 quando
973 949 1075 1012 laetus
1094 954 1142 1012 est
1157 954 1327 1044 reusapud
1340 955 1568 1031 Athenienses,
1584 960 1660 1037 quia
1681 961 1761 1024 dixit

86 1049 138 1103 esc
156 1043 344 1120 perfecta,
357 1045 460 1104 oritur
475 1059 623 1120 vespere,
637 1045 669 1100 et
680 1037 793 1098 occidit
807 1051 915 1103 inanes
973 1029 1074 1120 solem
1087 1046 1156 1092 esse
1174 1031 1310 1109 lapidem
1325 1033 1501 1125 ardentem,
1514 1053 1634 1116 negans
1647 1039 1760 1120 utique

85 1127 119 1181 et
129 1123 184 1184 sic
203 1127 344 1200 praeest
360 1123 455 1185 nocti.
467 1124 505 1184 Et
513 1121 589 1184 satis
601 1117 821 1198 prohabilcest
832 1113 915 1192 quad
972 1109 1473 1200 distin)⁰⁵⁵0,d01¹melfllssl¹tl¹1ffl
1488 1115 1675 1178 animatum·
1689 1119 1761 1180 Plss‘

87 1199 177 1264 tuna
194 1201 316 1264 tuerit
335 1202 417 1264 laem
430 1202 537 1280 plens,
553 1199 635 1262 sicut
655 1201 686 1258 et
708 1197 813 1257 herbse
829 1193 917 1254 laetae
973 1192 1067 1247 tomes
1083 1188 1159 1249 vero
1179 1195 1356 1267 posuerunt
1375 1208 1510 1272 corpora
1530 1195 1670 1259 coelestia
1690 1199 1753 1261 ani

87 1281 240 1342 suntin
270 1279 337 1343 sud
357 1281 551 1359 perfectione
567 1278 717 1339 iacientes
740 1291 866 1345 semen,
887 1277 918 1332 et
972 1269 1132 1360 malam·
1211 1346 1217 1360 .

87 1360 271 1421 simfliter
286 1361 454 1432 animalia,
469 1366 501 1420 θ,
513 1359 621 1418 ΜΟ,
633 1355 719 1416 Μαι,
730 1353 815 1414 eng„
825 1355 917 1412 nasu.
1012 1344 1163 1406 Snnrhter
1177 1351 1272 1408 ettam
1286 1348 1371 1426 apud
1385 1349 1531 1414 doctores
1546 1351 1617 1414 hdei
1631 1352 1688 1416 luit
1698 1355 1760 1416 cir·

89 1439 154 1500 rati
177 1456 359 1517 processu
373 1441 414 1503 ab
430 1435 611 1517 imperfecto
625 1435 664 1495 nd
679 1431 852 1512 perlectum
864 1431 917 1490 dr·
972 1441 1009 1484 ea
1030 1424 1091 1516 hoc
1107 1424 1232 1486 diversa
1245 1427 1365 1504 opinio.
1384 1427 1537 1508 Origenes
1557 1432 1654 1504 enim,
1671 1433 1756 1514 libi

89 1519 287 1588 veniatur,
310 1519 496 1600 simpliciter
511 1522 616 1577 tamen
635 1513 808 1592 perlectum
828 1511 916 1586 prius
971 1502 1105 1572 Ρθΐῐιῖῐι
1119 1521 1155 1596 .⁰·
1180 1505 1211 1576 7,
1231 1505 1339 1582 9⁰³⁰st
1365 1523 1501 1587 corpora
1522 1509 1662 1573 effllssstia
1685 1511 1760 1574 ³¹¹5·

90 1601 143 1658 est
155 1597 382 1678 imper-lecto.
397 1594 596 1674 Augustinus
612 1598 729 1662 tamen,
743 1591 797 1650 lib.
814 1589 914 1666 lsup.
971 1585 1068 1642 enata.
1089 1583 1301 1662 Hieronymus
1316 1584 1411 1645 eliam
1431 1586 1513 1647 idem
1535 1589 1652 1650 sentire
1669 1589 1760 1654 vtae-

93 1675 187 1738 Gm,
210 1675 579 1755 cap,15‚pprf1mante
597 1671 691 1742 med,
708 1671 768 1730 hoc
781 1685 845 1728 non
861 1684 917 1726 as·
971 1663 1035 1732 tur,
1051 1677 1213 1752 exponens
1230 1662 1306 1722 illud
1318 1663 1402 1724 Eccl.
1421 1663 1450 1736 l,
1461 1665 1499 1724 6:
1514 1665 1668 1729 lustrans
1682 1669 1759 1731 uni-

92 1757 205 1824 wih
227 1756 318 1836 quia
333 1755 408 1816 dicit
421 1773 486 1816 non
500 1771 571 1814 ,επ
587 1749 814 1812 inconvensffls
830 1745 916 1824 quad
971 1755 1059 1798 verse
1080 1757 1135 1816 per
1154 1741 1321 1833 cerenicum
1333 1743 1438 1822 pergil
1459 1741 1602 1822 spiritus.
1622 1747 1758 1810 Basilius

94 1833 191 1896 neus
209 1835 412 1916 imperfecta
427 1833 535 1896 fecerit
547 1847 619 1910 queo
633 1821 835 1910 postmodum
847 1826 915 1904 ipsc
971 1817 1231 1890 veronostram
1245 1820 1393 1895 Horam,
1407 1818 1425 1884 d
1439 1821 1533 1896 med,
1545 1828 1575 1884 et
1588 1822 1759 1888 Damascu-

92 1913 266 1990 perfecit·
971 1914 1044 1969 nus,
1066 1897 1121 1958 lib.
1139 1897 1173 1970 Ξ,
1190 1917 1218 1960 c.
1241 1898 1277 1972 θ,
1296 1904 1446 1960 asserunt
1463 1917 1598 1980 corpora
1618 1905 1758 1970 celestis

99 2015 310 2078 Anrrourus
330 2031 378 2076 ιιι.
391 2047 430 2058 -
445 2012 472 2074 ll
474 2009 557 2072 tram
582 2007 750 2070 luminaria
773 2005 838 2068 celi
852 2004 916 2066 sint
971 1991 1036 2066 ”9¹¹
1050 1977 1285 2070 ⁰⁵⁵⁰.³”⁵.m²i¹²¹·
1303 1979 1499 2056 Augu⁵²i¹¹¹¹⁵
1517 1980 1593 2042 verb
1614 1983 1674 2076 ΜΨ
1694 1983 1757 2045 ‘¹¹¹⁸'

140 2095 318 2156 animam
333 2127 371 2138 -
380 2091 416 2171 (2
435 2097 531 2159 eona,
546 2107 613 2168 cap·
629 2089 680 2158 59,
696 2095 722 2148 a
734 2087 806 2148 Pop·
818 2104 871 2224 gu·
884 2085 914 2156 6,
970 2054 1023 2115 hro
1039 2055 1217 2132 dereliquit,
1232 2075 1264 2116 ιιι
1278 2062 1423 2118 neutram
1443 2062 1565 2138 partem
1579 2061 1755 2134 decimans,

141 2183 218 2233 an,
241 2173 276 2248 p,
294 2181 322 2232 el
334 2171 441 2252 quom·
456 2170 505 2242 12,
521 2178 582 2228 m·
598 2169 663 2240 Μ
674 2169 729 2246 Sp·
744 2175 804 2225 m·
841 2163 916 2236 ‚022
970 2135 1006 2226 ut
1018 2139 1103 2272 patet
1115 2135 1145 2194 in
1162 2133 1291 2212 lsuper
1307 2135 1454 2197 Genesim
1470 2137 1508 2198 ad
1524 2137 1596 2209 litt.,
1616 2157 1642 2200 c.
1660 2139 1709 2213 18,
1724 2149 1755 2202 et

359 2251 510 2324 ιι
527 2245 861 2324 ιιιιιι
970 2213 1758 2374 semesasensam

148 2373 203 2434 Ad
229 2373 366 2434 tertium
386 2371 432 2432 sic
442 2368 634 2448 proceditur.
649 2366 915 2444 l.Videturqudd
969 2370 1343 2448 soeieleleenelnpelernm
1360 2391 1596 2436 eorumentmoe.

105 2451 302 2514 luminaria
322 2451 391 2512 ceti
409 2453 473 2511 sint
488 2449 640 2510 animata.
659 2447 811 2524 Superius
831 2447 916 2506 enim
1009 2449 1045 2509 ln
1060 2449 1119 2512 hdc
1131 2455 1237 2512 autern
1250 2451 1437 2528 opinionum
1450 2451 1643 2529 diversitate,
1654 2457 1690 2516 ut
1703 2473 1757 2519 vo·

107 2549 244 2610 eorpus
259 2530 472 2592 nobilioribus
484 2528 680 2588 ornamentis
692 2526 799 2586 ornari
811 2526 914 2586 debet.
969 2525 1047 2590 ritas
1065 2529 1267 2606 aliquatenus
1284 2531 1471 2604 innotescat,
1490 2533 1757 2596 considerandum

106 2609 171 2672 Sed
191 2626 329 2690 eaquae
341 2609 500 2687 pertinent
514 2607 552 2668 ad
566 2611 714 2666 ornatum
728 2603 916 2666 interiorum
970 2611 1017 2666 est
1040 2607 1124 2684 qubd
1152 2609 1230 2668 unio
1256 2609 1371 2670 animes
1396 2613 1425 2670 et
1449 2612 1593 2688 corporis
1620 2630 1684 2673 non
1707 2620 1758 2676 est

109 2705 312 2768 corporum,
325 2691 400 2750 sunt
413 2684 692 2757 animata,scilieet
705 2683 914 2762 piscosam,
970 2690 1100 2764 propter
1120 2703 1248 2764 corpus,
1272 2687 1325 2748 sed
1352 2692 1483 2765 propter
1504 2691 1664 2763 animanr;
1689 2709 1755 2754 non

109 2773 141 2828 et
152 2769 333 2830 terrestria
343 2767 505 2828 animalia.
519 2765 602 2825 Erro
612 2769 642 2826 et
651 2761 833 2835 luminaria,
844 2781 915 2842 qua
970 2763 1055 2825 enim
1070 2763 1171 2826 iornsa
1185 2769 1232 2825 est
1245 2769 1375 2844 propter
1388 2767 1564 2839 materiam,
1581 2769 1634 2830 sed
1649 2765 1666 2830 d
1681 2789 1756 2832 eou-

112 2849 290 2924 pertinent
303 2846 343 2908 ad
357 2851 505 2911 ornatum
518 2813 599 2906 cerii.
970 2861 1074 2905 verso.
1090 2844 1211 2906 Natura
1226 2849 1332 2904 autern
1348 2851 1379 2906 et
1395 2846 1495 2907 virtus
1513 2848 1628 2909 animae
1644 2847 1756 2928 depre-

152 2925 187 2986 2.
217 2927 396 2998 Praeterea,
420 2921 587 2984 nobilioris
609 2923 753 3002 corporis
778 2922 917 2984 nobilior
970 2922 1172 2984 henditurex
1187 2921 1255 3001 ejus
1269 2923 1467 3000 operatione,
1481 2927 1660 3002 quaetiam
1675 2943 1756 3006 quo-

113 3008 164 3066 rst
181 3006 305 3066 torma.
323 3003 383 3066 Sed
399 3001 448 3064 sol
463 3002 598 3074 etluna,
619 3001 727 3064 etalia
744 3001 917 3064 luminaria
970 3001 1043 3063 dam
1070 3001 1164 3062 modo
1188 3005 1236 3062 est
1256 3000 1328 3064 finis
1357 3002 1437 3082 ejus.
1461 3004 1624 3066 invenitur
1647 3009 1754 3068 autern

117 3091 200 3142 sunt
225 3080 385 3156 nooiliorp
410 3096 507 3154 quarn
529 3091 664 3154 corpora
682 3077 866 3155 plantarum
888 3083 920 3141 et
973 3093 1089 3156 corpus
1120 3088 1265 3138 nostrum
1298 3081 1513 3141 necessarium
1543 3083 1582 3144 ad
1615 3083 1756 3162 aliquam

118 3157 330 3218 animalium.
342 3155 425 3234 Ergo
439 3155 557 3216 habent
570 3154 757 3216 nobiliorem
772 3155 916 3218 formam.
972 3155 1191 3234 operationem
1210 3156 1342 3229 animae,
1359 3175 1431 3236 quse
1452 3159 1609 3222 mediante
1623 3180 1758 3241 corpore

116 3231 336 3296 Nobilissima
350 3241 456 3294 autem
473 3232 574 3294 torma
588 3235 635 3293 est
650 3233 769 3304 anime,
784 3251 856 3311 quse
871 3241 919 3298 est
972 3239 1151 3306 exercetur,
1163 3235 1338 3312 sicutpatet
1348 3237 1380 3296 in
1392 3237 1541 3314 operibus
1555 3241 1669 3304 animae
1681 3259 1758 3304 sen-

119 3312 323 3392 principium
346 3313 431 3382 vitem
448 3312 536 3390 quia,
557 3315 593 3371 ut
614 3312 813 3390 Augustinus
830 3313 916 3388 dicit,
972 3313 1110 3375 sitivaeet
1119 3315 1288 3376 nutritivae.
1300 3314 1387 3376 Unde
1402 3320 1669 3381 necesseesttales
1680 3321 1759 3384 ani-

119 3389 153 3452 in
168 3392 232 3454 lib.
246 3391 284 3454 de
296 3389 372 3454 veri
384 3391 496 3470 ltelig.,
513 3409 540 3453 c.
554 3390 604 3462 lt),
625 3388 709 3453 circa
724 3391 818 3460 med,
832 3409 919 3470 quio
972 3408 1044 3452 mas
1055 3391 1437 3471 unitasessecorporibus
1447 3399 1577 3473 propter
1595 3415 1670 3460 suas
1678 3415 1758 3479 ope-

122 3470 207 3535 libet
223 3471 404 3534 substantia
422 3470 531 3532 vivens
554 3474 677 3532 naturae
703 3469 814 3530 ordine
830 3489 917 3547 prce-
971 3471 1123 3532 rationes.
1139 3471 1195 3530 Est
1218 3475 1325 3532 autem
1346 3472 1454 3550 aliqua
1478 3476 1622 3553 operatio
1643 3479 1758 3540 anisnis

122 3549 232 3614 iertur
246 3551 432 3613 substantiae
445 3567 509 3610 non
525 3549 655 3610 viventi.
670 3549 755 3630 Ergo
773 3550 918 3613 lumina·
971 3557 1043 3626 qua
1053 3566 1117 3610 non
1128 3554 1296 3611 exercetur
1311 3567 1445 3629 corpore
1459 3553 1630 3628 mediante,
1642 3557 1695 3618 scd
1710 3563 1758 3618 ta-

125 3630 173 3693 ria
191 3629 265 3694 coeli
280 3634 355 3692 sunt
371 3629 524 3690 animata.
971 3645 1096 3689 menes
1121 3645 1254 3707 corpore
1283 3629 1412 3706 aliquod
1443 3631 1671 3696 adminiculum
1701 3637 1757 3698 tali

162 3710 198 3770 3.
220 3711 389 3782 Praeterea,
399 3724 498 3770 causa
511 3706 649 3768 nobilior
661 3709 708 3768 est
721 3705 845 3768 ellectu.
858 3709 917 3769 Sed
970 3707 1149 3786 operationi
1163 3707 1347 3781 exhibetur3
1371 3709 1453 3770 sicut
1468 3729 1650 3791 percorpus
1662 3714 1758 3775 exbi-

123 3791 189 3862 sol,
205 3792 238 3850 et
251 3790 341 3859 luna,
357 3792 388 3850 ct
404 3785 468 3848 alia
483 3786 655 3848 luminaria
670 3791 745 3848 sunt
760 3803 857 3849 causa
871 3789 917 3850 vi·
971 3787 1088 3848 bentur
1100 3787 1216 3848 anime
1228 3787 1377 3849 humana
1388 3789 1625 3867 phantasmata,
1639 3793 1758 3872 quibus

124 3872 177 3941 tao,
194 3873 232 3929 ut
246 3872 332 3948 patet
344 3864 482 3928 maxime
495 3867 528 3926 in
542 3865 735 3927 animalibus
751 3874 918 3943 exputre-
971 3863 1091 3944 indiget
1109 3865 1148 3927 ad
1170 3865 1423 3946 intelligendum.
1449 3869 1536 3930 Unde
1550 3871 1645 3932 etiam
1661 3871 1756 3934 talem

125 3946 266 4010 lectione
281 3945 664 4028 generatis‚qusevirtute
679 3945 917 4009 solisetsteda-
970 3943 1110 4005 animam
1136 3961 1265 4006 necesse
1289 3949 1339 4006 est
1366 3947 1492 4024 corpori
1516 3948 1601 4009 uniri
1627 3953 1759 4030 propter

126 4044 201 4088 rum
217 4027 317 4088 vitam
331 4029 584 4103 consequuntur.
602 4025 687 4102 Ergo
699 4024 798 4084 multo
814 4025 915 4104 magis
970 4037 1062 4084 suam
1076 4023 1307 4100 operationem,
1324 4023 1398 4085 licdt
1411 4026 1683 4105 contingatipsam
1704 4046 1758 4092 so-

127 4119 268 4183 corpora
282 4103 422 4166 coelestia
437 4103 561 4174 visunt,
576 4107 606 4162 et
622 4107 697 4162 sunt
707 4103 859 4163 animata.
969 4102 1089 4239 parari.
1099 4101 1303 4163 Manifestum
1311 4106 1474 4163 estautem
1483 4105 1567 4182 quod
1578 4105 1685 4168 anima
1695 4123 1758 4170 coe·

166 4181 198 4243 le.
221 4184 389 4252 Praeterea,
404 4187 508 4243 motus
527 4181 595 4242 eseli
611 4185 642 4242 et
658 4182 831 4242 coelestium
847 4197 916 4241 eor·
983 4180 1058 4239 estis
1073 4180 1215 4257 corporis
1230 4195 1294 4239 non
1306 4183 1409 4258 potest
1424 4182 1541 4244 habere
1555 4182 1757 4261 operationes
1787 4229 1791 4238 .

127 4281 245 4342 porum
261 4265 337 4325 sunt
350 4262 525 4328 naturales,
537 4265 573 4320 ut
587 4263 674 4338 patet
687 4260 718 4319 in
737 4261 753 4320 1
767 4260 805 4321 de
817 4259 915 4334 Ccnlo,
970 4257 1131 4320 nutritivae
1146 4257 1271 4330 animae,
1287 4275 1358 4334 quas
1383 4263 1458 4320 sunt
1475 4261 1608 4335 nutrire,
1625 4279 1756 4343 augere,

126 4345 208 4403 text.
223 4343 255 4414 l,
270 4345 301 4403 et
314 4341 345 4412 8,
365 4344 480 4417 etseq.
502 4341 607 4400 hlotus
628 4342 735 4400 autem
759 4339 916 4402 naturalis
970 4335 1757 4418 etgenerarc;hujusmodienimoperationesnon

127 4419 210 4484 csta
229 4419 387 4516 principio
402 4419 587 4479 intrinseco.
607 4415 687 4480 Cum
705 4417 803 4498 igitur
822 4418 917 4496 prin·
971 4418 1155 4492 competunt
1180 4415 1307 4494 corpori
1332 4417 1566 4496 incorruptibili
1583 4439 1641 4499 per
1656 4428 1758 4483 natu-

128 4500 248 4580 cipium
264 4504 367 4560 motus
381 4497 556 4560 scelestium
571 4514 740 4576 corporum
753 4497 794 4557 sit
807 4496 917 4574 aliqua
970 4511 1051 4556 ram.
1064 4493 1216 4555 Similiter
1231 4495 1327 4556 ctiam
1344 4513 1402 4557 nec
1416 4499 1619 4576 operationes
1641 4501 1758 4564 animle

128 4579 310 4641 substantia
323 4593 364 4658 ap
388 4576 568 4650 rehensiva,
582 4593 655 4656 ques
674 4582 821 4638 movetur
835 4575 917 4638 sicut
971 4572 1130 4635 sensitivee
1150 4573 1276 4652 corpori
1301 4574 1420 4636 coelesti
1439 4579 1653 4650 conveniunt3
1679 4581 1756 4658 quia

129 4653 313 4718 desiderans
327 4657 347 4718 A
360 4595 550 4728 desiderato,
569 4656 731 4716 utdieitur
749 4656 781 4716 in
802 4655 917 4717 table-
970 4667 1081 4714 omnes
1104 4669 1218 4714 sensus
1240 4651 1416 4714 tundantur
1437 4673 1534 4733 super
1551 4661 1682 4728 tactum,
1699 4659 1755 4736 qni

130 4733 231 4812 aph,
245 4737 324 4796 tert.
344 4735 395 4808 36,
408 4735 532 4797 videtur
545 4733 629 4812 qudd
642 4734 842 4816 principium
856 4751 918 4814 ap-
970 4731 1019 4791 est
1032 4731 1287 4822 apprehensivus
1299 4729 1490 4808 qualitatum
1501 4735 1756 4796 elementarium.

129 4811 330 4890 prehendens
353 4814 393 4874 sit
411 4811 603 4892 principium
616 4813 825 4875 intrinsecum
839 4830 917 4875 cor-
970 4809 1086 4871 Omma
1096 4809 1193 4870 etiam
1206 4825 1328 4888 organa
1348 4812 1562 4888 potentiarum
1586 4813 1757 4876 sensitiva-

129 4893 262 4970 poribus
278 4891 468 4954 celestibus.
480 4891 565 4972 Ergo
580 4891 816 4953 suntanimata.
969 4905 1043 4950 rum
1063 4887 1233 4966 requirunt
1253 4887 1495 4952 determinatam
1517 4892 1757 4970 proportionem

166 4969 198 5031 5.
220 4971 389 5046 Praeterea,
402 4971 541 5049 primurn
552 4970 667 5032 mobile
678 4972 726 5030 est
740 4971 865 5030 colum.
880 4971 915 5031 ln
970 4961 1146 5027 secundum
1166 4967 1426 5028 commixtionem
1450 4971 1592 5048 aliquam
1614 4971 1756 5032 elemen-

128 5054 367 5128 gencreautem
385 5049 552 5111 mobilium
569 5050 706 5127 primum
724 5053 771 5108 est
786 5065 916 5110 movens
971 5049 1088 5118 torum,
1113 5042 1132 5107 a
1153 5061 1292 5123 quorum
1318 5045 1435 5110 natura
1461 5065 1596 5127 corpora
1617 5050 1757 5113 celestis

128 5129 283 5206 seipsum,
302 5132 338 5190 ut
355 5131 511 5208 probatur
527 5126 561 5188 in
576 5127 596 5188 8
613 5128 720 5207 Phys,
735 5131 813 5187 text.
831 5125 870 5187 at
886 5133 917 5188 et
970 5128 1136 5200 ponuntur
1156 5128 1289 5186 remota.
1303 5125 1507 5202 ltelinquitur
1520 5145 1596 5208 crgo
1612 5127 1698 5207 qudd
1720 5127 1758 5188 de

129 5223 210 5284 seq,
224 5208 299 5284 quia
314 5207 399 5286 quod
411 5212 460 5270 est
475 5224 533 5287 per
554 5225 599 5279 se,
614 5207 704 5284 prius
715 5209 764 5267 est
780 5206 916 5284 eoquod
970 5201 1210 5278 operationibus
1224 5203 1339 5264 animee
1353 5205 1441 5266 nulla
1458 5211 1561 5284 potest
1576 5209 1758 5287 competere

129 5290 176 5347 est
195 5303 254 5364 per
275 5285 372 5347 aliud.
397 5287 471 5348 Sola
496 5289 604 5348 autem
628 5285 768 5348 animata
789 5291 918 5346 movent
970 5279 1085 5342 animan
1108 5280 1244 5355 coelesti,
1261 5283 1322 5344 nisi
1337 5281 1422 5354 duae,
1441 5285 1618 5366 intelligere
1634 5291 1665 5348 et
1686 5305 1759 5348 mo-

130 5365 248 5442 seipsa,
271 5367 308 5425 ut
324 5365 357 5426 in
377 5365 448 5426 eod.
469 5365 524 5426 lib.
548 5363 744 5434 ostenditur,
767 5367 845 5426 text.
865 5365 914 5424 27.
972 5375 1063 5430 νοτες
1079 5374 1152 5420 nans
1166 5364 1316 5438 appetere
1332 5363 1540 5440 consequitur
1571 5382 1702 5427 sensum
1726 5374 1759 5429 et

129 5443 172 5504 Er
194 5459 365 5521 ocorpora
377 5443 517 5507 colestia
531 5448 607 5505 sunt
618 5443 769 5506 animata.
970 5437 1179 5511 lambecium,
1199 5443 1230 5500 et
1252 5457 1324 5502 cum
1343 5444 1480 5518 utroque
1500 5443 1678 5506 ordinatur.
1703 5443 1759 5506 ln-

208 5521 229 5583 d
247 5526 360 5586 contra
379 5522 527 5604 estquod
552 5521 770 5584 Damascenus
789 5521 863 5584 dicit
884 5521 918 5584 in
970 5515 1114 5578 tellectris
1129 5523 1236 5578 autem
1252 5519 1407 5596 operatio,
1423 5516 1496 5580 cum
1512 5538 1577 5582 non
1599 5535 1759 5585 exercea-

629 5619 632 5630 ·
970 5599 1023 5654 tur
1037 5611 1236 5674 percorpus,
1252 5615 1317 5657 non
1339 5597 1459 5675 indiget
1472 5615 1616 5678 corpore,
1640 5600 1702 5662 nisi
1726 5604 1758 5664 in

167 5687 189 5746 ll
221 5685 258 5741 lta
273 5701 333 5742 rum
357 5685 418 5742 cod.
443 5687 533 5742 Alcan.
550 5687 612 5742 editi
634 5687 749 5756 plurimi.
776 5686 917 5755 NicolaiuS,
969 5677 1174 5752 «quantumst
1195 5693 1252 5752 pet·
1273 5693 1387 5736 SODSUS
1412 5676 1757 5760 minlslrdulurphan·

132 5759 158 5812 et
169 5751 191 5812 'l‘
203 5759 295 5827 scestogt
309 5757 407 5811 lesan.
423 5767 447 5812 ct
463 5759 554 5824 tune,
572 5759 744 5812 trersstnnrlbne.
971 5757 1117 5814 tasmata.
1154 5753 1362 5831 operationes
1384 5759 1492 5817 autem
1508 5759 1667 5822 sensitiva
1681 5759 1758 5822 alniu

348 5849 479 5912 Suuns.
493 5851 517 5912 l.
1305 5857 1323 5924 l
1326 5856 1560 5920 licente-trois.)
