4008 6346
277 281 347 342 1019
732 289 735 302 ·
782 269 912 330 sbllltlli
931 275 1157 336 THEOLOGlCAE
1177 273 1263 330 nilus
1282 274 1397 332 Pullis.
1852 278 1931 334 loeo

276 399 422 458 ruentum
431 391 509 458 verd
521 391 661 454 secunda
674 396 725 452 die
741 391 859 453 iactum
876 390 1064 472 intelligitur
1117 407 1189 469 qum
1203 408 1301 469 super
1315 391 1410 456 coelos
1426 393 1513 465 sunt,
1525 391 1664 472 ejusdem
1676 393 1818 456 naturis
1831 400 1930 472 pote·

277 475 416 552 spatium
434 472 529 542 aeris,
551 471 584 532 in
604 487 669 547 quo
689 471 791 531 nubes
812 470 1062 544 condensantur,
1116 471 1282 532 suntcredi
1293 489 1365 533 cum
1375 472 1621 534 elementaribus
1631 473 1736 550 aquis.
1754 470 1794 532 Si
1808 477 1931 533 autem

276 551 467 630 quodetiam
480 550 595 611 eoelum
614 546 775 626 aequivoce
787 549 912 609 dieitur.
933 549 973 608 Et
992 549 1063 610 ided
1115 567 1173 626 per
1191 549 1426 612 firmamentum
1450 550 1646 629 intelligatur
1673 551 1804 612 ooelum
1830 550 1914 612 side·

275 626 1064 784 tirtel'tetii‘lei‘idttitudiltttf
1114 627 1927 786 {illinitisininitiabilis&

275 789 360 864 sicut
373 791 404 850 et
421 786 682 865 supradixerat.
704 785 834 846 Voconii
847 785 944 846 tucem
962 783 1061 850 dien:
1114 782 1360 858 firmamentum,
1377 801 1443 846 uon
1458 790 1552 848 eruut
1571 783 1609 848 de
1623 783 1739 852 natus
1756 786 1922 848 elemen-

275 868 352 944 quia
375 866 441 928 dies
463 865 558 926 etiarn
583 879 642 942 pro
661 863 764 940 spatio
787 861 898 941 viginti
921 867 1062 938 quatuor
1113 863 1230 923 tarium
1246 879 1416 940 aquarum.

274 945 428 1006 horarum
446 944 587 1022 ponitur.
610 941 651 1002 Et
668 942 751 1001 idom
777 947 826 1000 est
845 941 877 1000 in
904 940 974 1000 aliis
1001 942 1062 1000 ob-
1152 939 1210 1002 Sed
1221 941 1303 1004 sicut
1314 934 1487 1002 secundum
1503 940 1664 1016 Sirabum,
1678 941 1711 1003 in
1726 941 1836 1004 Glos.
1849 943 1927 1004 ord,

273 1023 479 1093 servandum,
498 1026 535 1082 ut
559 1019 661 1080 llabbi
682 1019 809 1097 Moyses
837 1019 931 1092 dicit,
959 1019 1014 1079 lib.
1040 1017 1061 1079 2
1112 1036 1210 1098 super
1226 1019 1492 1098 illudtluprino.
1510 1021 1637 1088 creauit,
1653 1020 1778 1082 dicitur
1794 1022 1925 1083 eoelum

272 1102 516 1180 Prophetarum,
534 1116 562 1160 c.
577 1097 627 1158 30.
1110 1115 1308 1178 empyreum,
1331 1098 1361 1158 id
1388 1101 1448 1171 est,
1474 1098 1620 1177 igneum,
1647 1105 1790 1178 propter
1805 1100 1923 1162 solum

314 1180 362 1240 Ad
383 1177 560 1240 secuudum
571 1179 612 1236 et
641 1175 770 1236 tertium
784 1177 871 1254 patet
885 1174 1002 1236 solutio
1017 1192 1059 1236 ex
1111 1177 1313 1254 splendorem
1342 1175 1405 1256 (1);
1437 1177 1481 1238 ita
1506 1177 1629 1238 dicetur
1660 1177 1749 1240 aliud
1793 1179 1922 1240 coelum

271 1257 499 1398 fflrzgffitsisu
523 1329 686 1394 -utrtm
704 1348 791 1410 eque
806 1331 871 1392 sint
888 1347 986 1409 supro
1021 1348 1058 1389 r·
1110 1254 1815 1397 {gillgnrflcgffiremsuffllaesseffiphaneitatem³
1828 1257 1923 1334 qmd

313 1409 616 1489 momentulo-(2,
641 1409 715 1470 diri.
735 1406 784 1482 rt,
802 1418 863 1470 ort.
883 1409 914 1481 ᾖ,
930 1418 957 1470 et
1012 1416 1055 1470 ot.
1148 1353 1921 1489 Posrptoetiamquddflrmamentumsitalterius

308 1499 418 1574 puers.
435 1491 467 1565 le,
479 1497 543 1551 ort.
559 1489 588 1562 l,
599 1487 639 1550 ud
656 1486 687 1562 b,
702 1495 729 1548 ct
744 1488 850 1567 quod.
866 1485 896 1560 ts,
909 1486 1055 1568 quereb,
1108 1493 1233 1552 natura
1245 1492 1360 1568 preter
1370 1492 1512 1567 quatuor
1525 1490 1699 1566 elementa,
1708 1490 1831 1552 adhuc
1850 1509 1921 1569 po-

309 1569 437 1650 am.)
1109 1571 1171 1630 test
1183 1568 1243 1630 dici
1271 1567 1357 1646 qudd
1379 1585 1481 1646 aquas
1504 1567 1626 1642 dividit,
1650 1569 1677 1630 si
1697 1587 1759 1648 per
1785 1586 1918 1647 aquam

308 1649 358 1710 Ad
382 1645 558 1712 secundum
578 1645 623 1706 sio
648 1644 841 1722 proceditur.
865 1644 895 1704 1.
923 1643 1057 1704 Videtur
1108 1663 1173 1708 non
1192 1647 1508 1725 elementumque,
1531 1645 1586 1709 sed
1607 1649 1782 1710 materiam
1799 1648 1914 1709 intor-

316 1726 355 1789 dd
385 1744 403 1789 a
428 1745 478 1790 ure
502 1742 566 1786 non
595 1723 658 1784 sint
687 1739 786 1800 supra
808 1723 1054 1784 firmamentum.
1106 1743 1190 1786 mem
1214 1725 1448 1805 intelligamus,
1470 1729 1507 1788 ut
1532 1726 1732 1804 Augustinus
1764 1726 1915 1798 dieit,1

297 1823 362 1885 qua
375 1745 459 1867 enque
474 1809 523 1866 est
539 1802 728 1864 naturaliter
740 1802 857 1880 gravis.
879 1801 983 1862 Locus
995 1818 1057 1862 au·
1107 1819 1204 1882 super
1217 1803 1332 1866 Genes.
1347 1806 1459 1868 contra
1475 1802 1686 1876 llaniobaeos,
1699 1821 1777 1882 cap.
1796 1803 1914 1878 5017,

267 1888 331 1946 tem
343 1885 493 1964 proprius
510 1881 616 1961 gravis
627 1897 692 1940 non
708 1883 837 1942 estesse
847 1877 988 1951 sursum,
1000 1881 1055 1941 sed
1105 1883 1184 1958 quia
1204 1881 1379 1944 secundum
1399 1882 1476 1953 boo,
1490 1880 1647 1974 quidquid
1660 1885 1709 1946 est
1721 1883 1818 1946 iuter
1830 1901 1908 1946 cor-

267 1963 371 2024 sobim
386 1960 547 2026 deorsum.
571 1961 656 2039 Ergo
670 1975 764 2037 aquia
783 1975 849 2020 non
862 1960 938 2020 sunl
956 1974 1054 2036 supra
1105 1975 1196 2038 pora,
1212 1959 1322 2022 dividit
1337 1977 1438 2038 aquas
1456 1960 1496 2023 ab
1509 1978 1615 2038 aquis.

266 2039 515 2104 firmamentum.
1143 2040 1175 2100 Si
1187 2044 1293 2101 autem
1302 2057 1359 2117 per
1368 2038 1911 2118 firmamentumintelligaturpars

305 2121 335 2180 2.
357 2121 531 2190 Promea,
555 2115 748 2179 naturaliter
764 2131 851 2192 aqua
876 2118 925 2177 est
945 2113 1051 2176 liuida.
1104 2117 1241 2192 aeris,in
1262 2115 1328 2196 qud
1349 2119 1449 2182 nubes
1468 2117 1716 2190 condensantur,
1728 2119 1783 2180 sio
1810 2135 1908 2195 aqum

264 2197 324 2261 Sed
336 2200 421 2277 quod
433 2202 483 2260 est
503 2195 648 2266 liuidum,
670 2210 735 2254 non
755 2197 862 2272 potest
878 2192 1053 2255 consistere
1104 2213 1176 2274 quae
1188 2215 1287 2274 supra
1297 2195 1531 2259 firmamentum
1539 2198 1625 2268 suut,
1636 2197 1908 2276 suniaqumquae

266 2295 365 2356 super
384 2293 500 2355 corpus
515 2273 701 2344 rotundum,
714 2275 752 2332 ut
764 2271 984 2363 experimento
997 2288 1053 2350 pa·
1104 2275 1332 2353 vaporabiliter
1343 2276 1493 2336 resoluta
1506 2289 1605 2350 supra
1614 2273 1656 2347 ali
1681 2291 1758 2337 uam
1771 2283 1904 2353 partem

183 2367 190 2384 ·
263 2359 320 2417 tet.
338 2356 434 2437 Ergo,
460 2351 533 2417 cum
552 2352 788 2413 firmamentum
807 2354 977 2426 sncorpus
991 2367 1053 2410 ro-
1103 2355 1187 2415 aeris
1218 2354 1403 2430 elevantur,
1433 2353 1618 2431 exquibus
1645 2292 1766 2432 pffuviae
1793 2371 1906 2434 gene-

263 2434 411 2508 iundum,
430 2449 517 2512 aqua
534 2447 600 2492 uon
616 2431 723 2508 potest
742 2441 931 2504 essesupra
944 2427 1052 2491 tirma-
1102 2433 1227 2494 rantur.
1566 2467 1569 2472 -

263 2518 417 2574 mentum.
1141 2511 1253 2573 Dicere
1268 2511 1353 2572 euim
1373 2505 1459 2587 qued
1477 2524 1571 2586 aquae
1590 2509 1830 2587 vaporabiliter
1851 2529 1902 2572 re·

302 2591 332 2651 3.
355 2593 530 2663 Praeterea,
554 2603 656 2668 aqua,
675 2583 748 2647 edm
772 2584 813 2646 sit
838 2584 1049 2660 elementum,
1102 2589 1215 2652 soluta
1235 2589 1401 2652 eleventur
1415 2588 1641 2666 supraooelum
1656 2588 1846 2662 sidereum,
1865 2595 1901 2650 ut

261 2669 431 2732 ordinatur
458 2669 498 2732 ad
524 2666 762 2747 generationem
782 2663 925 2741 corporis
946 2663 1049 2738 mixti,
1100 2667 1232 2746 quidam
1242 2667 1404 2738 dixerunt,
1417 2683 1557 2744 quorum
1571 2667 1755 2744 opinionem
1779 2669 1900 2746 Augu·
1989 2679 1990 2688 ¹

262 2747 346 2827 sicut
368 2749 589 2827 imperfectum
615 2743 783 2804 ordinatur
801 2743 841 2804 ad
863 2741 1048 2820 perlectum.
1101 2745 1204 2808 stinus
1218 2752 1274 2807 tau
1298 2747 1367 2807 itin
1381 2744 1401 2804 2
1415 2762 1512 2823 super
1533 2743 1649 2806 Genes.
1666 2745 1706 2806 ad
1721 2745 1803 2820 litt,
1820 2765 1849 2808 c.
1865 2745 1895 2818 le,

261 2825 321 2888 Sed
335 2842 431 2905 supra
440 2827 676 2887 firmamentum
688 2838 754 2881 non
765 2821 1050 2882 estlocusmixtio·
1101 2828 1150 2887 est
1165 2765 1295 2887 unaing
1307 2823 1523 2902 impossibile;
1539 2827 1606 2884 tum
1626 2828 1760 2901 propter
1773 2823 1897 2886 solidi-

260 2906 330 2978 nis,
353 2906 407 2968 sed
431 2921 530 2983 supra
548 2907 679 2963 terram.
713 2899 798 2978 Ergo
822 2897 942 2960 frustra
962 2915 1048 2976 aqua
1100 2906 1197 2964 tatem
1211 2904 1280 2966 coeli
1293 2922 1302 2976 ς
1315 2906 1384 2963 tum
1396 2906 1529 2979 propter
1537 2901 1700 2980 regionem
1715 2902 1806 2981 iguis
1820 2921 1895 2964 me-

260 2988 347 3046 esset
370 2999 468 3063 supra
492 2982 739 3042 firmamentum.
775 2977 858 3037 Nihil
884 2981 990 3038 aulem
1014 2978 1049 3038 in
1100 2981 1195 3053 diam,
1216 2999 1288 3058 ques
1310 2979 1493 3059 hujusmodi
1516 2997 1650 3058 vapores
1665 2985 1892 3050 consumeret;
1990 3007 1991 3058 3

260 3063 412 3140 operibus
425 3061 482 3122 Dei
493 3064 542 3122 est
552 3059 682 3120 frustra.
695 3056 780 3135 Ergo
790 3071 883 3134 aqum
894 3072 960 3116 non
973 3058 1050 3116 sunl
1099 3063 1167 3120 tum
1182 3059 1260 3138 quia
1283 3061 1386 3131 locus,
1400 3059 1465 3135 qud
1485 3055 1633 3150 seruntur
1655 3059 1739 3123 levia
1752 3063 1791 3124 et
1803 3075 1889 3132 rara,
1990 3059 1991 3147 l

260 3157 298 3202 su
323 3157 359 3202 ra
374 3140 620 3201 firmamentum.
1100 3141 1148 3200 est
1168 3137 1253 3202 inira
1275 3153 1452 3200 concavum
1470 3139 1556 3198 orbis
1572 3137 1675 3211 lune3
1697 3141 1766 3198 tum
1792 3138 1890 3200 etiam

299 3159 358 3280 Sed
369 3222 481 3282 contra
498 3221 547 3278 est
558 3212 767 3293 quoddicitur
778 3211 857 3274 Gen.
874 3211 903 3284 1,
919 3211 950 3285 7,
962 3210 1048 3289 qudd
1099 3217 1177 3294 quia
1189 3216 1384 3278 sensibiliter
1395 3220 1529 3292 apparet
1537 3231 1673 3294 vapores
1683 3232 1750 3276 non
1763 3215 1887 3278 elevari

260 3295 370 3358 diuisit
386 3315 481 3378 aquus
494 3313 560 3376 que
577 3299 666 3354 erunt
687 3309 785 3368 snpra
812 3293 1046 3370 firmamentum,
1098 3311 1204 3371 usque
1227 3293 1266 3356 ad
1285 3294 1454 3356 cacumina
1476 3292 1690 3372 quorumdam
1715 3295 1886 3356 montium.

260 3373 298 3436 ab
312 3373 439 3454 bisque
450 3381 540 3436 erum
554 3371 610 3432 sub
626 3373 829 3451 firncomeeto.
1097 3373 1188 3446 Quod
1211 3373 1307 3435 etiam
1326 3373 1437 3434 dicunt
1451 3371 1491 3432 de
1508 3371 1721 3434 rarefactione
1740 3371 1886 3450 corporis
1989 3423 1990 3450 3

298 3452 488 3532 Respondeo
502 3449 671 3513 dicendum
692 3447 789 3526 qudd,
801 3447 885 3507 sicut
895 3445 970 3507 dicit
982 3447 1047 3508 Au·
1098 3451 1131 3512 in
1143 3450 1314 3522 inlinitum,
1329 3455 1460 3542 propter
1471 3450 1533 3513 boo
1550 3449 1636 3527 qudd
1653 3466 1771 3529 corpus
1785 3454 1836 3513 est
1853 3451 1884 3510 iu
1989 3461 1990 3494 l

259 3533 419 3612 gustinusn
436 3523 1045 3608 ssuperGenes.ad1in.,e.5,innn.‚
1099 3528 1257 3591 inlinitum
1277 3529 1456 3604 divisibile,
1479 3545 1598 3590 vanum
1622 3534 1687 3602 est;
1709 3545 1776 3590 nou
1801 3529 1885 3591 enim

258 3611 362 3749 att}
383 3602 1048 3759 timittttittttttttdtitt‘itt
1097 3625 1214 3748 illiti
1231 3605 1810 3748 nitidisnlitidis*
1829 3611 1883 3668 ³¹⁸

258 3784 319 3845 quo
335 3765 425 3826 modo
443 3771 471 3826 et
488 3703 666 3844 qualeqstttet
677 3777 763 3852 oque
780 3759 976 3826 intrinsece
991 3766 1047 3820 to·
1137 3765 1184 3826 Ad
1196 3704 1431 3843 primumqergo
1451 3763 1620 3826 dicendum
1640 3763 1727 3841 qudd
1741 3729 1881 3841 quibus·
1988 3825 1989 3844 ,

257 3861 327 3906 uun
339 3842 384 3905 ibi
396 3861 468 3911 esse,
479 3838 800 3904 minimidubnamus.
1096 3842 1170 3904 dam
1182 3842 1308 3906 videtur
1321 3841 1469 3904 ratioilla
1488 3841 1640 3904 solvenda
1652 3859 1711 3919 per
1721 3841 1783 3903 boe
1797 3839 1879 3919 qued

298 3923 416 3997 Quales
432 3925 539 3983 autem
555 3920 620 3982 sint
638 3918 700 3978 illa
719 3932 821 3993 aque,
837 3931 911 4006 'non
934 3913 1046 3976 eodem
1097 3922 1344 3999 squequamris
1355 3920 1880 4012 sintnaturalitergraves‚virtute

258 4001 353 4062 modo
367 4003 409 4063 ab
418 4001 566 4061 omnibus
582 3997 776 4076 assignatur.
794 3993 945 4072 (bugenes
960 3993 1045 4054 enim
1098 4005 1205 4061 tamen
1217 3997 1326 4060 divina
1339 4015 1435 4075 super
1449 3998 1544 4060 eoelos
1559 4003 1776 4060 continentur.

258 4077 345 4153 dicii,
359 4079 445 4140 bom.
471 4079 486 4138 1
504 4078 538 4138 5¹1
565 4075 656 4148 Gen-s
673 4090 737 4133 ¹10⁰
753 4069 849 4150 ¹0⁰8&
871 4067 892 4132 d
919 4071 1043 4147 prine,
1136 4077 1194 4138 Sed
1208 4077 1292 4139 banc
1308 4077 1500 4139 solutionem
1515 4076 1714 4155 Augustinus
1728 4075 1878 4151 excludit,

257 4156 526 4236 q'ubdnqueille
542 4173 614 4234 quse
632 4169 729 4230 super
749 4152 844 4242 culos
862 4153 1046 4223 summunt
1095 4156 1165 4217 2su
1189 4153 1744 4232 erGenes.,c.1,paulddprinc„
1773 4153 1878 4218 dicens
1987 4161 1988 4189 ³

256 4237 441 4373 zpitigneus
464 4234 661 4296 substantie.
682 4229 769 4293 Unde
786 4245 819 4288 rn
842 4227 957 4366 psinlm.
974 4227 1044 4366 1ξια8,
1096 4173 1187 4312 qudi?
1196 4251 1282 4295 nune
1294 4230 1562 4370 quemadmzddm
1573 4232 1658 4294 Deus
1675 4233 1816 4327 instituit
1826 4250 1878 4325 na·

258 4313 941 4454 ,sustinuissemus.sn
954 4323 1044 4444 n:
1095 4314 1877 4468 iltitffluediti’dlslll
1986 4403 1987 4476 ,

256 4469 406 4538 nedicite,
423 4487 510 4550 oque
529 4485 630 4530 omnes
650 4481 716 4545 qud
734 4476 829 4541 super
849 4461 1044 4531 calmunt.
1135 4468 1223 4530 Unde
1245 4467 1339 4530 aliter
1351 4466 1519 4529 dicendum
1539 4470 1586 4528 est
1601 4467 1689 4544 qudd
1705 4463 1877 4530 secuudum
1986 4483 1987 4540 i

256 4549 403 4610 Domino.
876 4563 879 4572 ’
1095 4546 1174 4608 duas
1188 4546 1317 4608 ultimas
1331 4543 1499 4623 opiniones
1509 4544 1549 4606 de
1558 4545 1692 4622 aquiset
1701 4544 1879 4610 firmamen-

298 4624 357 4690 Sed
386 4625 425 4689 ad
454 4623 515 4687 hoe
538 4619 709 4700 respondet
730 4615 888 4690 Basilius,
909 4616 943 4676 ln
966 4614 987 4677 3
1010 4616 1045 4678 ln
1095 4629 1128 4687 to
1144 4623 1409 4703 patetsolutioex
1424 4623 1740 4702 premissisincorp.
1754 4625 1877 4686 artse·

143 4675 148 4682 ι
256 4703 407 4778 flexam,
423 4720 488 4766 non
501 4700 614 4780 procul
627 4696 647 4760 d
660 4697 733 4771 lin,
751 4694 836 4774 qudd
850 4694 913 4756 boc
924 4710 989 4754 non
1003 4695 1046 4756 di-
1096 4698 1234 4764 cundum
1261 4706 1370 4764 nutem
1389 4701 1527 4780 primam
1548 4702 1734 4779 opinionem
1755 4707 1865 4780 oporte

257 4783 353 4856 citur,
364 4780 498 4860 eoquod
513 4795 604 4858 aquae
616 4777 680 4837 sint
691 4773 864 4836 rationales
877 4779 1043 4849 creatum,
1096 4798 1216 4860 periere
1238 4779 1339 4842 alium
1362 4779 1507 4842 ordinem
1530 4779 1563 4842 in
1589 4779 1754 4848 elementis
1782 4779 1873 4859 quim

257 4862 310 4924 sed
323 4861 401 4940 quia
413 4856 625 4922 consideratio
636 4871 746 4916 earum
758 4850 932 4930 prudenter
940 4847 965 4942 ¹d
977 4867 1045 4913 seu·
1095 4858 1282 4922 Aristoteles
1300 4862 1418 4936 penat3
1441 4862 1477 4918 ut
1498 4857 1643 4935 quosdam
1657 4875 1749 4934 aqum
1769 4859 1876 4936 spisse

257 4957 328 5002 sum
350 4938 540 5000 habentibus
554 4931 766 5023 contemplata
781 4928 1044 5022 gloriticatronem
1096 4939 1160 5000 sint
1171 4937 1256 5000 eir-en
1271 4939 1402 5007 terram,
1415 4935 1561 5013 quedam
1574 4936 1652 5000 rere
1668 4941 1781 4998 tenues
1796 4937 1876 4997 eirea

256 5017 379 5096 perficit
396 5014 568 5079 Creatorls.
589 5011 676 5075 Unde
693 5009 810 5070 ibidem
827 5008 943 5069 dicitur
961 5007 1043 5067 idem
1095 5017 1228 5086 ρωιωῃς
1243 5013 1601 5077 uteicsehnneantillae
1612 5013 1876 5086 adeoelnm‚sicut

256 5096 294 5158 de
308 5097 433 5174 igne‚et
447 5091 612 5174 grandine,
624 5093 655 5151 et
670 5087 865 5180 hujusmodi,
875 5085 914 5147 de
925 5086 1043 5163 quibus
1094 5095 1163 5156 isin
1175 5093 1215 5155 ad
1228 5096 1369 5155 terrem:
1386 5091 1436 5154 vel
1449 5091 1534 5169 qudd
1555 5109 1613 5170 per
1624 5107 1742 5184 aquam
1756 5091 1876 5154 intelli·

256 5178 382 5236 consiat
417 5171 480 5234 udd
492 5188 555 5230 non
571 5172 647 5232 sunt
659 5167 833 5228 rationales
847 5169 1030 5226 creaturae-1
1095 5176 1190 5254 gatur
1211 5171 1347 5233 materia
1368 5185 1551 5248 corporum,
1579 5173 1617 5231 ut
1638 5169 1758 5232 metum
1775 5169 1875 5233 estin

294 5191 1044 5332 Dicengumestergoqubdsuntaquaetcorpora·
1094 5267 1183 5328 corp.
1197 5252 1260 5310 art.

254 5329 313 5392 les.
330 5329 388 5391 Sed
400 5327 512 5407 quales
526 5341 617 5404 aquis
628 5325 703 5398 sini,
725 5324 850 5400 oportet
859 5319 1045 5381 diversimo·
1135 5327 1181 5389 Ad
1200 5327 1374 5389 seeundum
1387 5326 1484 5390 etiam
1497 5329 1584 5405 patet
1601 5325 1720 5388 solutio
1734 5345 1777 5388 ex
1793 5345 1876 5407 pre-

255 5407 294 5470 de
304 5402 784 5468 definiresecundbmdiversam
794 5398 832 5458 de
842 5397 1042 5460 firmamento
1093 5407 1200 5468 missis
1215 5399 1389 5467 secundnm
1400 5405 1481 5466 dune
1493 5405 1621 5468 ultimas
1631 5405 1812 5483 opiniones,
1828 5407 1875 5466 Se-

255 5485 457 5548 sententiam.
765 5555 773 5570 ⁶
855 5553 863 5570 ,
1095 5480 1872 5563 cuneumveroprimamrespondetbasilius,bem.

295 5563 327 5625 Si
342 5563 426 5626 enim
444 5578 501 5640 per
514 5559 750 5620 firmamentum
764 5553 863 5616 intelli
887 5556 961 5615 atur
974 5567 1044 5613 εω-
1293 5579 1298 5587 -
1559 5625 1562 5632 .
1882 5586 1886 5636 ,

253 5641 322 5704 lum
338 5627 509 5712 sidereum,
520 5633 612 5715 ‘quod
633 5635 764 5727 ponitur
782 5649 852 5725 esso
867 5571 908 5693 {e
925 5627 1043 5693 nalurd
1132 5643 1170 5715 tl)
1185 5643 1222 5700 lu
1232 5643 1294 5700 cod.
1305 5644 1408 5710 Aluan,
1420 5644 1513 5700 Garris
1523 5643 1701 5706 etllioolaius.
1712 5645 1785 5706 Edit.
1800 5637 1889 5704 lton.'

254 5723 397 5802 quatuor
410 5717 657 5792 elementorum
669 5714 878 5792 pausatione
898 5712 930 5775 et
947 5724 1040 5789 aque
1096 5723 1123 5772 et
1136 5715 1228 5772 Puer.
1245 5732 1253 5772 :
1269 5713 1339 5772 soli·
1349 5713 1516 5786 rptodnem.
