4018 6346
278 341 345 406 rrae
781 339 909 404 suurn
927 341 1152 404 rureouocucm
1171 345 1258 405 rsus
1275 341 1387 407 nnus
1579 327 1582 332 '
1857 351 1927 413 unce

313 463 502 542 Respondes
515 459 682 524 dicendum
704 458 790 539 qubd
810 459 905 522 iubis
938 479 987 524 uu
1001 478 1060 524 se-
1114 461 1208 537 lnest,
1224 466 1256 524 et
1268 459 1434 541 nunquim
1449 463 1618 540 separatur
1630 462 1670 526 ab
1687 477 1738 524 eo
1755 457 1865 540 cujus
1879 463 1928 520 est

276 543 416 608 cundum
440 541 584 604 ordinem
611 542 791 602 naturalem
818 479 994 620 proraiam
1019 541 1081 602 ab.
1116 541 1292 620 proprium.
1308 541 1393 621 Ergo
1405 542 1555 619 potentie
1577 541 1690 604 animm
1717 543 1814 604 sunt
1838 539 1876 602 in
1892 538 1931 602 ed

274 639 353 694 uno,
378 623 459 684 sicut
481 621 619 699 primum
641 626 690 682 est
711 636 809 681 causa
824 620 988 689 omnium,
1015 619 1059 682 ita
1113 620 1211 682 etiam
1226 623 1456 698 postmortem.
1682 659 1684 666 ,
1862 635 1865 640 ·

275 701 361 781 quod
388 706 437 762 est
461 700 564 778 primo
588 699 820 776 propinquius,
847 704 896 759 est
919 696 1060 776 quodam
1152 696 1182 758 3.
1204 699 1372 770 Praeterea,
1386 698 1795 792 potenlimanimeetiam
1813 699 1930 761 sensi-

275 778 369 841 modo
384 795 604 840 causasarum
621 795 693 855 qum
712 783 788 837 sunl
808 793 857 836 ma
881 777 908 838 is
923 781 1056 839 remota.
1112 777 1186 838 tium
1208 793 1274 837 non
1300 776 1517 848 debilitantur,
1543 778 1708 840 debilitato
1753 793 1803 840 co
1850 795 1929 852 ore;

274 859 444 920 Ostensuun
468 861 517 918 est
537 859 644 919 autem
658 872 767 934 supra,
782 859 842 915 art.
861 795 885 914 i
901 853 967 933 huj.
988 873 1057 933 qu,
1112 856 1252 932 quia,·ut
1272 855 1388 917 dicitur
1410 857 1443 918 iu
1458 858 1473 917 l
1491 857 1529 918 de
1544 856 1670 930 Animi,
1692 861 1790 919 text.
1878 857 1931 928 ,si

274 937 359 1015 qudd
388 938 471 998 inter
494 936 652 1074 potentias
678 934 793 996 anime
818 937 864 994 est
890 934 1060 1012 multiplex
1113 934 1781 1016 ssueaaccipiatoculumjuasais,cidebit
1796 935 1928 1014 utique,

274 1015 370 1086 ordo:
389 1021 419 1077 el
444 1015 492 1076 ide
525 1031 589 1075 una
607 1013 747 1091 potentia
759 1012 874 1074 animae
887 1014 928 1074 ab
945 1030 1060 1074 esseu-
1112 1012 1193 1073 sicut
1208 1019 1237 1073 et
1249 1013 1389 1092 juvenis.
1404 1013 1463 1075 Sed
1478 1013 1622 1076 debilitas
1637 1017 1685 1076 est
1697 1015 1761 1076 uia
1778 1013 1827 1074 ad
1853 1030 1930 1074 oor-

271 1094 318 1157 tia
332 1095 446 1156 animur
459 1093 601 1172 procedit
616 1091 773 1152 mediante
784 1088 859 1152 alid.
1112 1092 1305 1168 ruptionem.
1321 1089 1405 1172 Ergo
1427 1093 1576 1170 potentiue
1595 1093 1711 1156 animas
1740 1110 1823 1154 non
1851 1109 1928 1153 eor-

311 1172 370 1234 Sed
394 1172 470 1250 quia
494 1172 633 1233 essentia
653 1169 768 1232 auimae
794 1175 1000 1248 comparatur
1018 1168 1058 1231 ad
1112 1174 1320 1248 rumpuntur,
1343 1176 1504 1249 corrupto.
1519 1187 1670 1250 corpore3
1698 1171 1762 1233 sed
1780 1173 1927 1232 manent

272 1251 430 1330 potentias
448 1251 530 1312 sicut
545 1249 736 1328 principium
754 1248 892 1309 activum
908 1253 938 1309 et
950 1247 1057 1321 finale,
1112 1247 1145 1309 in
1159 1246 1267 1310 animi
1281 1247 1442 1327 separata.

272 1336 304 1392 et
316 1331 397 1392 sieut
412 1329 603 1408 principium
617 1327 834 1404 susceptivum
847 1327 896 1387 uel
911 1324 1058 1387 seorsum
1152 1325 1182 1386 iu.
1206 1328 1383 1400 Praeterea,
1404 1327 1563 1390 memoria
1588 1334 1638 1390 est
1656 1327 1826 1406 potentis
1852 1330 1925 1389 ani·

272 1426 329 1486 per
344 1427 389 1479 se,
403 1409 452 1468 uel
468 1407 561 1469 simul
578 1424 651 1467 cum
665 1421 799 1483 corpore
809 1425 818 1474 ς
828 1419 927 1484 agens
938 1409 1056 1478 autem,
1112 1421 1171 1466 mm
1187 1407 1356 1476 sensilium,
1371 1411 1408 1466 ut
1422 1406 1635 1484 Philosophus
1672 1409 1792 1478 robat,
1809 1407 1872 1466 lib.
1886 1407 1924 1468 ds

272 1491 304 1547 et
317 1486 388 1547 finis
413 1494 460 1548 esl
485 1486 676 1564 perfectius;
705 1483 922 1560 susceptivum
949 1488 1058 1544 autem
1110 1483 1205 1544 Mem.
1221 1488 1252 1545 et
1265 1484 1449 1554 ltemiuisc.,
1463 1501 1533 1563 cap.
1550 1485 1579 1544 l.
1598 1484 1618 1546 S
1673 1485 1851 1547 memoria
1864 1503 1928 1548 ma·

271 1565 483 1643 principium,
501 1566 531 1624 in
542 1569 700 1642 quantum
715 1561 917 1641 hujusmodi,
932 1567 981 1622 est
994 1561 1058 1620 mi·
1111 1568 1166 1621 net
1180 1563 1211 1622 iu
1227 1562 1336 1625 animi
1348 1563 1512 1642 separaum
1525 1561 1641 1625 dicitur
1654 1565 1747 1625 euim
1768 1565 1859 1625 Luc.
1872 1565 1926 1634 lli,

272 1642 333 1705 uuis
345 1644 536 1723 perfectum
551 1658 751 1718 consequens
775 1639 921 1716 estquod
937 1643 1058 1718 poten·
1110 1638 1161 1710 25,
1176 1640 1264 1701 diuiti
1281 1641 1410 1720 epuloni
1433 1643 1466 1703 in
1481 1640 1608 1703 inferno
1622 1639 1818 1704 secundum
1847 1643 1923 1702 ani-

272 1722 323 1784 tiae
333 1723 446 1784 animm
459 1739 530 1799 qum
545 1727 620 1782 sunt
634 1721 757 1798 priores
771 1715 947 1780 secundum
968 1717 1059 1778 ordi·
1109 1735 1195 1780 mam
1211 1719 1358 1781 existenti
1370 1721 1558 1782 :Recordare
1572 1721 1647 1802 quia
1657 1721 1820 1800 recepisti
1840 1719 1921 1781 cam

271 1817 344 1862 nem
370 1801 572 1878 perfectionis
586 1803 631 1880 et
652 1802 794 1870 naturce,
818 1795 883 1858 sint
898 1795 1057 1874 principia
1110 1796 1225 1857 inuito
1238 1801 1303 1858 tud.
1317 1799 1402 1878 Ergo
1417 1799 1570 1860 memoria
1591 1805 1700 1860 manet
1728 1799 1771 1860 in
1805 1796 1922 1861 animi

271 1878 409 1946 aliarum
424 1897 480 1956 per
503 1878 631 1939 modum
650 1877 722 1938 finis
736 1880 767 1936 et
785 1875 879 1937 actiui
895 1875 1055 1954 principii.
1110 1875 1270 1953 separata,
1286 1883 1319 1937 et
1340 1895 1397 1956 per
1426 1893 1627 1956 consequens
1652 1879 1724 1940 alim
1755 1877 1920 1956 potentiis

270 1957 421 2019 Videmus
436 1958 521 2018 enirn
534 1957 618 2034 qubd
635 1972 749 2017 sensus
763 1959 812 2015 est
822 1958 953 2032 propter
963 1953 1057 2015 intel·
1110 1954 1268 2015 sensilium
1279 1957 1390 2033 partis.

269 2035 399 2108 lectum,
414 2041 445 2096 et
471 2053 535 2096 non
548 2035 565 2096 d
578 2051 744 2097 conuerso.
763 2033 882 2094 Sensus
898 2033 993 2094 etiam
1009 2037 1057 2094 ost
1148 2031 1179 2091 b.
1197 2035 1370 2106 Praeterea,
1393 2033 1544 2113 gaudium
1569 2040 1601 2098 et
1620 2035 1756 2096 tristitia
1782 2037 1870 2095 suut
1886 2035 1918 2095 is

270 2115 415 2192 quaedam
451 2114 599 2176 deficiens
627 2111 828 2191 participatio
858 2109 1054 2184 intellectum
1110 2112 1366 2190 concupiscibili,
1391 2131 1463 2190 quie
1491 2117 1539 2174 est
1565 2113 1707 2192 potentia
1739 2113 1917 2175 sensitiva

270 2194 354 2253 unde
367 2190 541 2256 secundum
554 2193 731 2254 naturalem
749 2189 906 2280 originem
917 2189 1057 2266 quodam
1109 2191 1220 2266 partis.
1236 2191 1439 2252 Manifestum
1462 2196 1510 2252 ost
1526 2196 1632 2253 autem
1651 2192 1787 2258 animas
1813 2207 1916 2269 sepa-

270 2271 364 2331 modo
378 2277 426 2332 est
440 2273 481 2333 ab
499 2271 680 2342 intellectu,
695 2269 778 2329 sicut
801 2266 1021 2345 imperfectum
1035 2266 1056 2331 ci
1109 2272 1195 2329 ratas
1216 2269 1336 2331 tristari
1351 2274 1382 2330 ct
1396 2271 1536 2350 gaudere
1548 2270 1585 2332 de
1597 2271 1759 2349 premiis,
1779 2270 1836 2330 uel
1850 2287 1914 2348 pm-

269 2345 1057 2427 perfecto.Sedsecunddmuiarnsuseeptiuipriu·
1110 2345 1159 2407 nis
1188 2364 1269 2424 quas
1296 2348 1425 2410 babent.
1454 2347 1538 2427 Ergo
1563 2350 1611 2410 uls
1639 2348 1913 2428 concupiscibilis

270 2426 343 2505 cipii
358 2426 542 2490 econverso
562 2426 710 2503 potentiue
729 2424 976 2503 imperfectiores
1003 2423 1057 2485 in·
1109 2431 1217 2485 nranet
1232 2426 1264 2486 in
1281 2426 1390 2489 animi
1406 2426 1567 2504 separati.

270 2506 445 2566 veniuntur
457 2505 614 2585 principia
629 2509 775 2581 respectu
801 2503 957 2574 aliarum3
973 2502 1057 2564 sicut
1148 2503 1178 2562 6.
1205 2507 1377 2576 Preterea,
1407 2506 1606 2584 Augustinus
1631 2504 1718 2578 dicit,
1735 2505 1781 2566 12
1808 2521 1911 2583 super

269 2583 395 2654 anima,
410 2580 583 2646 secundum
596 2583 680 2664 quod
691 2581 969 2660 babetpotenliam
983 2599 1056 2642 sen·
1110 2581 1224 2644 Genes.
1236 2584 1275 2644 ad
1292 2584 1350 2652 lit.,
1365 2599 1434 2662 cap.
1447 2583 1496 2653 3⁴2,
1513 2585 1588 2644 circ.
1602 2584 1816 2661 med.,qubd,
1827 2583 1911 2644 sicut

270 2661 416 2735 silicam,
443 2663 665 2724 consideratur
698 2661 780 2722 sicut
804 2658 1000 2738 subjectum,
1025 2667 1057 2723 et
1109 2661 1231 2728 areima,
1248 2660 1315 2723 cim
1334 2680 1448 2740 corpus
1463 2663 1547 2743 jacet
1565 2661 1631 2721 sins
1652 2679 1745 2722 seusu
1763 2661 1909 2724 nondum

269 2741 434 2802 materiale
449 2740 607 2820 quoddam
630 2744 778 2818 respectu
801 2737 992 2799 intellectus.
1017 2739 1056 2800 Et
1104 2738 1234 2818 pertitus
1261 2750 1436 2809 mortuum,
1464 2740 1549 2801 uidet
1573 2739 1711 2819 quadam
1730 2739 1909 2802 secundun

268 2825 400 2898 propter
432 2821 492 2880 boc
529 2818 776 2896 imperfectiores
804 2817 952 2896 potentiue
980 2824 1056 2878 sunt
1107 2817 1325 2894 imapiuarium
1342 2819 1493 2880 visionem
1502 2840 1512 2887 ,·
1534 2820 1580 2879 ita
1598 2815 1666 2878 crim
1679 2819 1819 2898 sueritd
1839 2835 1908 2880 cur·

269 2897 392 2977 priores
404 2899 436 2960 in
451 2899 500 2960 vici
512 2897 746 2978 generationis3
761 2893 851 2975 priuis
872 2897 959 2957 enim
981 2896 1056 2958 ani·
1103 2911 1183 2972 porc
1196 2895 1322 2974 penitis
1338 2908 1482 2976 separata
1491 2905 1565 2976 post
1583 2907 1722 2957 mortun.
1746 2897 1812 2958 Sed
1828 2899 1906 2958 ima·

268 2976 334 3039 mal
367 2984 519 3039 oneratur
533 2976 631 3055 quim
644 2976 751 3037 bomo.
1108 2975 1228 3054 ginatio
1239 2983 1286 3037 est
1295 2977 1437 3054 potentia
1447 2977 1606 3040 sensilium
1618 2977 1729 3053 partis.
1740 2977 1834 3056 Ergo
1847 2992 1906 3053 po-

307 2995 509 3134 ciprinum
524 3073 600 3136 ergo
614 3054 781 3115 dicendum
797 3051 883 3130 quod
896 3053 980 3114 sicut
993 3070 1054 3133 po-
1107 3055 1205 3116 tentia
1220 3055 1378 3116 sensilium
1392 3056 1491 3134 partis
1508 3059 1615 3116 manet
1630 3055 1662 3114 in
1677 3053 1791 3116 animi
1812 3071 1903 3148 sepa·
1995 3071 1996 3140 i

267 3134 369 3196 tentia
383 3133 497 3198 animm
508 3136 548 3195 ub
561 3131 699 3195 essentia
714 3131 792 3204 fluit,
808 3149 872 3192 non
883 3149 940 3210 per
951 3137 1054 3194 trans·
1107 3129 1196 3204 ratu,
1210 3139 1241 3194 et
1249 3151 1306 3211 per
1318 3151 1519 3212 consequens
1532 3149 1644 3195 omues
1659 3133 1900 3211 allmpotenlrse.

269 3215 495 3284 mutationem,
522 3213 575 3274 sed
597 3229 655 3292 per
678 3211 856 3272 naturalem
882 3211 1053 3288 quamdam
1147 3211 1206 3272 Sed
1221 3217 1331 3273 contra
1345 3213 1486 3290 estquod
1500 3211 1616 3272 dicitur
1634 3212 1666 3271 in
1684 3211 1739 3272 lib.
1759 3212 1802 3274 de
1817 3211 1899 3273 Ercl.

268 3293 531 3363 resultationem,
554 3296 584 3352 et
609 3295 658 3352 est
670 3291 765 3351 simul
777 3307 849 3350 cum
864 3287 993 3362 anima;
1009 3287 1055 3352 ita
1107 3289 1351 3370 Dogm.,c.19:
1373 3291 1429 3352 Ea
1448 3290 1567 3351 duabus
1580 3287 1701 3349 tautum
1713 3289 1901 3352 substantiis

268 3375 316 3432 est
328 3371 423 3432 etiam
438 3370 475 3432 de
490 3367 556 3432 und
572 3367 712 3447 potentia
738 3372 884 3446 respectu
907 3368 1052 3430 alterius.
1109 3378 1229 3429 coastat
1243 3369 1348 3435 bomo.
1363 3370 1467 3430 auimd
1485 3368 1772 3436 caussationem,
1790 3379 1902 3431 simr-

308 3449 354 3509 lld
368 3449 544 3512 seeundum
556 3447 723 3510 dicendum
737 3446 822 3525 qudd
835 3445 982 3508 accidens
997 3465 1055 3526 per
1107 3465 1145 3507 aa
1163 3467 1230 3508 eum
1251 3447 1390 3508 sensibus
1411 3448 1487 3508 suis.
1508 3448 1593 3526 Ergo
1607 3446 1771 3510 destructa
1790 3465 1897 3519 arae,

268 3545 302 3592 sc
318 3545 382 3588 non
396 3532 501 3605 polest
513 3545 583 3588 esse
595 3527 773 3606 subjectum
789 3525 980 3597 accidentis3
999 3525 1054 3587 sed
1107 3527 1256 3604 potentiue
1271 3527 1430 3588 sensilium
1444 3543 1508 3587 non
1526 3530 1669 3592 manent.
1831 3576 1835 3582 .

268 3623 368 3666 unum
390 3606 536 3668 accidens
560 3624 617 3697 per
640 3606 728 3683 prius
751 3603 904 3681 recipitur
927 3604 960 3664 in
974 3607 1055 3666 sub-
1146 3603 1333 3682 Respondeo
1357 3605 1523 3666 dicendum
1545 3603 1650 3682 qaod,
1669 3603 1898 3685 sicutp'amdi-

267 3683 385 3744 stantia
409 3683 507 3761 quim
529 3683 626 3752 aliud,
655 3684 738 3744 sieut
764 3683 927 3760 quantitas
955 3682 1053 3761 quim
1107 3688 1191 3744 etum
1205 3691 1251 3743 est
1267 3690 1327 3744 art.
1343 3684 1435 3745 liet'l
1454 3683 1548 3761 hujus
1560 3687 1693 3763 quest,
1709 3701 1824 3746 omues
1836 3699 1897 3820 fo-

267 3762 426 3840 qualitas:
443 3767 474 3822 et
489 3762 547 3822 boc
559 3763 652 3822 modo
666 3779 766 3822 unum
780 3761 926 3821 accidens
938 3761 1055 3823 dicitur
1106 3761 1212 3824 tentiae
1225 3763 1339 3822 animm
1351 3767 1577 3840 comparantur
1589 3761 1628 3822 ad
1639 3765 1781 3824 animam
1798 3779 1835 3824 so
1847 3778 1895 3823 aar

267 3857 339 3901 esse
356 3841 534 3920 subjectum
549 3841 696 3910 alterius,
711 3846 746 3900 ut
760 3839 944 3916 superficies
959 3842 1054 3901 colo—
1107 3843 1188 3902 sicut
1208 3841 1245 3902 ad
1267 3842 1469 3920 principium.
1495 3841 1553 3902 Sed
1601 3841 1724 3902 uaedam
1747 3841 1894 3918 potentiss

267 3919 329 3990 ris,
356 3919 389 3978 in
416 3924 573 3997 quantum
596 3918 775 3984 substantia
799 3935 865 3979 uno
892 3919 1053 3980 accidente
1107 3927 1335 3996 comparantur
1349 3922 1386 3982 ad
1401 3857 1654 3981 animumstiiam
1669 3919 1807 3980 sicutsd
1823 3919 1893 3980 sub-

267 3995 425 4060 mediante
437 3997 665 4075 recipitaliud;
681 3997 981 4075 elsimiliterpotest
992 3997 1051 4059 dici
1103 3997 1240 4076 jectum.
1260 4005 1293 4059 ut
1311 3997 1489 4059 intellectus
1507 4003 1538 4060 et
1551 4000 1716 4070 uoluntas3
1732 4003 1764 4059 et
1779 3998 1892 4077 bujus-

267 4077 305 4137 de
320 4077 470 4154 potentiis
482 4077 608 4138 animm.
1106 4077 1189 4136 modi
1205 4079 1353 4155 potentiue
1367 4095 1497 4138 neeesse
1513 4081 1562 4138 est
1578 4075 1663 4154 quod
1688 4082 1841 4140 maneant
1860 4074 1889 4135 ia

307 4155 352 4215 sd
369 4157 497 4216 tertium
520 4155 686 4216 dicendum
712 4153 797 4233 qubd
813 4153 961 4232 potentiue
975 4155 1054 4216 ani·
1106 4155 1234 4226 animi,
1251 4173 1384 4234 corpore
1397 4155 1570 4216 destructo.

267 4249 328 4294 mss
339 4238 546 4311 opponuntur
561 4233 600 4294 ad
614 4233 750 4296 inuicem
763 4233 964 4312 oppositione
977 4252 1054 4311 per·
1144 4235 1292 4307 Qucum
1318 4235 1393 4295 uerd
1410 4236 1558 4312 potentiue
1574 4234 1700 4297 suntin
1722 4233 1888 4318 conjuncto

268 4309 338 4372 fecti
353 4319 383 4371 et
396 4313 583 4388 imperfecti,
598 4313 679 4374 sicut
693 4312 788 4374 etiam
802 4313 923 4390 specius
942 4329 1053 4373 nume·
1106 4313 1188 4374 sicut
1205 4313 1236 4372 in
1251 4314 1392 4392 subjecto
1406 4357 1414 4384 ,
1429 4314 1511 4373 sicut
1526 4331 1636 4374 omues
1650 4316 1800 4392 potentia
1814 4333 1888 4379 seu-
1992 4385 1993 4394 χ

267 4405 377 4448 rorum
398 4397 429 4450 cl
455 4390 642 4468 figurarum.
668 4391 741 4451 llaec
766 4396 873 4452 autem
894 4391 1053 4468 oppositio
1106 4391 1205 4453 silium
1227 4393 1325 4468 partis
1351 4395 1382 4452 et
1403 4393 1574 4454 nutritive.
1595 4391 1762 4456 Destructo
1786 4401 1886 4455 aulem
1992 4413 1993 4439 1

268 4482 333 4526 nou
356 4467 486 4544 impedit
505 4469 661 4546 originem
688 4469 784 4528 unius
810 4470 851 4530 ab
868 4469 951 4540 alio,
975 4469 1053 4546 quia
1106 4470 1331 4548 conjecturor
1346 4475 1449 4548 potest
1461 4471 1607 4532 accidens
1617 4487 1796 4532 remancre.
1808 4470 1887 4534 Unde

267 4545 452 4624 imperfecta
462 4547 653 4608 naturaliter
669 4546 848 4624 iperfeetis
864 4547 1050 4624 procedunt.
1106 4556 1256 4627 corrupto
1270 4550 1460 4626 conjuncto,
1481 4563 1545 4608 non
1563 4556 1692 4610 manent
1709 4548 1885 4629 hujusmodi

1104 4628 1254 4705 potentiue
1269 4635 1358 4699 actu,
1378 4627 1432 4689 sed
1448 4627 1562 4689 uirtute
1577 4627 1701 4690 tantbm
1715 4636 1846 4690 manent
1856 4629 1884 4688 ia

1105 4706 1212 4767 animi
1226 4709 1307 4767 sieut
1321 4709 1352 4767 in
1369 4707 1526 4784 principio
1541 4707 1588 4768 uel
1603 4707 1721 4768 radice.

1145 4783 1182 4844 Et
1196 4787 1241 4846 sic
1252 4787 1366 4846 falsum
1378 4791 1427 4846 est
1438 4786 1523 4863 quod
1543 4786 1669 4863 quidam
1683 4785 1811 4858 dicunt,
1827 4787 1883 4846 lra-

266 4670 445 4730 Asrrcuuus
458 4687 527 4729 unu.
541 4703 576 4713 —
587 4667 699 4731 timim
713 4687 814 4729 omncs
821 4667 969 4746 putentia
979 4669 1053 4729 arti-

303 4756 544 4809 moercmartsant
554 4749 589 4808 irc
599 4748 703 4808 anima
717 4747 736 4808 d
752 4764 881 4826 corpore
897 4749 1049 4825 sspurutct.

303 4825 566 4985 Qi'blr‘fi'ffaffi’
579 4826 759 4984 ἵῗιοέΐνραῖἰι
770 4825 1050 4984 ξ’ἑῖἑήἐςέἑρώὲζ
1101 4863 1239 4943 jusmodi
1256 4866 1412 4944 potentias
1428 4865 1460 4924 in
1475 4863 1581 4926 animi
1593 4869 1778 4936 remanere,
1794 4867 1884 4926 etium

304 4985 386 5057 ..u
402 4993 429 5045 .
445 4984 482 5046 u
496 4985 619 5050 uo
710 4983 773 5064 u>
1104 4942 1884 5101 {terunciusclucesceret:

303 5105 562 5168 lascurrensis
575 5104 768 5183 proceditur.
786 5104 814 5164 1.
826 5101 1050 5181 videturqudd
1104 5117 1180 5160 nere
1197 5101 1229 5160 in
1249 5101 1357 5162 animd
1370 5099 1532 5177 separati;
1557 5100 1633 5177 quia
1649 5101 1760 5161 taliam
1776 5107 1884 5178 poten-

263 5179 1048 5262 omnespotentiaeanimoerernaneantinanimis
1103 5179 1219 5239 tiaram
1250 5180 1337 5241 nulla
1368 5183 1416 5240 est
1444 5179 1527 5242 actio
1556 5179 1617 5239 nisi
1649 5195 1706 5256 per
1730 5193 1881 5258 umanum
1990 5185 1991 5260 ζ

264 5279 397 5341 corpore
419 5263 579 5341 separati.
607 5262 730 5323 Dicitur
754 5261 851 5330 enirn,
881 5261 912 5321 in
927 5261 981 5320 lib.
1009 5260 1048 5322 de
1102 5274 1301 5336 corporeum.
1491 5283 1493 5290 >
1990 5281 1991 5302 r

264 5341 385 5421 Spiritu
415 5346 446 5404 et
471 5340 605 5414 Animi,
622 5357 692 5419 cap.
708 5339 757 5413 15,
780 5338 799 5402 d
824 5341 939 5417 princ,
964 5338 1050 5416 qubd
1143 5336 1188 5398 sd
1204 5337 1340 5414 primum
1355 5353 1431 5416 ergo
1449 5336 1617 5398 dicendum
1642 5335 1728 5413 qubd
1742 5333 1881 5396 liberille

183 5449 192 5470 ι
264 5421 370 5484 auimo
395 5421 507 5482 recedit
531 5421 550 5479 d
568 5437 697 5498 corpore
713 5437 813 5480 serrum
827 5417 952 5478 trabeas
973 5436 1051 5478 ειη-
1103 5417 1323 5476 aurtoritatem
1339 5431 1403 5476 non
1421 5416 1533 5488 babet3
1553 5415 1636 5476 unde
1651 5415 1737 5492 quod
1753 5414 1795 5475 ibi
1808 5412 1881 5476 scri-

263 5517 331 5560 sum
349 5508 377 5560 ct
402 5499 666 5576 imupinalionem.
695 5499 849 5560 rationem
875 5507 902 5556 ct
926 5497 1051 5558 intelle-
1103 5501 1190 5572 ptum
1208 5500 1275 5564 est,
1300 5494 1410 5556 eidem
1424 5493 1573 5556 facilitate
1595 5491 1810 5554 mntenndur
1824 5487 1881 5571 qui

264 5585 359 5647 ctum,
382 5577 637 5656 iutettipentiam,
667 5573 1001 5655 concupiscibilitatem
1021 5581 1049 5635 ct
1102 5573 1227 5636 dicitur.
1242 5575 1361 5634 Tamen
1376 5573 1560 5644 putestdici,
1573 5571 1658 5650 qudd
1669 5572 1767 5634 trabit
1780 5586 1880 5636 seeum

263 5655 521 5720 irascibilitatem.
1102 5653 1210 5714 anima
1233 5651 1415 5732 hujusmodl
1441 5651 1599 5730 potentias
1624 5667 1689 5712 uon
1713 5656 1808 5728 actu,
1834 5647 1882 5714 sed

303 5735 333 5795 S.
355 5737 525 5808 msceres,
540 5735 690 5815 potentia
704 5735 817 5796 animm
830 5739 905 5797 sunt
916 5733 1050 5813 ejusne·
1102 5731 1231 5793 uirtute.

264 5814 385 5878 turales
399 5815 622 5895 proprietates.
644 5811 703 5876 Sed
729 5829 897 5892 proprium
924 5829 1049 5892 semper
1143 5811 1188 5874 nd
1200 5809 1374 5874 secuudum
1388 5808 1554 5872 dimudum
1567 5809 1653 5889 qubal
1667 5809 1716 5872 bes
1726 5810 1879 5890 putentis,
