4008 6346
305 274 358 334 ors
834 267 962 326 suune
981 267 1208 330 orruonoolou
1225 269 1313 328 rins
1331 269 1451 358 rmus.
1577 229 1589 238 ’Δ
1647 231 1688 244 ”
1744 238 1747 242 ’
1931 271 1974 334 su

304 394 375 454 ctus
392 384 501 449 tendat
520 384 554 446 ln
568 381 691 462 aliquid
706 383 937 462 appetendum,
959 384 991 445 et
1005 382 1091 462 qudd
1186 383 1216 444 3.
1238 385 1410 458 Praeterea,
1436 383 1485 446 lin
1507 385 1591 448 elus
1617 382 1658 444 in
1685 380 1816 462 majori
1836 381 1972 462 plenitu-

302 468 463 530 reuitatur
477 465 634 542 opposito.
650 463 781 524 Invidus
801 467 909 524 autem
925 480 964 522 ex
980 463 1040 523 boc
1052 463 1091 526 dc
1144 460 1218 524 dine
1235 463 1399 541 sapientias
1414 400 1568 526 condius
1585 466 1645 525 est
1662 458 1776 540 quam
1789 461 1900 525 borno.
1919 467 1969 532 Sed

303 547 389 607 bono
404 543 535 606 alterius
550 542 645 615 dolet,
660 542 692 601 in
705 546 862 618 quantum
878 543 998 602 bonum
1012 541 1092 602 alte·
1144 541 1252 602 nullus
1266 542 1378 615 bomo,
1395 543 1456 604 nisi
1469 543 1620 606 omnind
1637 559 1787 612 amens,
1805 543 1896 621 eligit
1909 566 1968 610 esse

302 625 371 688 rius
393 623 527 685 estimat
551 623 601 682 sui
625 621 700 682 boni
724 620 996 697 impedimentum.
1019 620 1089 681 Non
1142 621 1275 697 aequalis
1298 621 1446 700 Angeia,
1474 619 1608 683 nediim
1632 621 1726 692 Deo,
1754 620 1841 697 quia
1867 623 1967 688 electio

302 708 410 764 autem
430 704 548 761 bonum
566 699 697 761 alterius
718 702 842 776 poterat
860 699 1011 760 estimari
1027 698 1090 758 im·
1143 714 1208 758 non
1223 703 1270 760 cst
1284 699 1346 760 nisi
1365 699 1596 778 possibilium,
1617 699 1664 760 de
1684 699 1818 776 quibus
1832 706 1882 760 est
1898 721 1966 766 con-

324 781 516 848 edimentum
532 778 605 839 boni
621 777 757 840 affectati
773 795 830 854 per
843 778 993 856 angelum
1012 795 1089 840 ma·
1142 776 1260 837 silium.
1274 777 1359 857 Ergo
1385 779 1483 840 multd
1494 776 1617 840 minuis
1642 779 1809 856 peccavit
1835 780 1963 858 Angelus

300 799 381 931 sum,
398 858 459 919 nisi
473 858 506 917 in
521 858 677 933 quantum
693 854 851 921 affectavit
867 855 1089 917 excellentiam
1141 855 1319 993 appetendo
1333 874 1403 918 esse
1416 863 1453 919 ut
1463 857 1567 919 Deus.

300 934 780 1078 illabili„dalilis
800 934 1088 1092 distillasti
1139 934 1962 1089 ...sitibatt²¹lll¹ltll¹t¹tialb¹³t

299 1099 406 1156 catum
431 1092 589 1171 superbire
610 1096 816 1152 consecutum
838 1095 885 1152 est
907 1091 939 1150 in
964 1091 1012 1150 An
1036 1092 1087 1153 elo
1139 1106 1190 1151 cro
1219 1091 1332 1152 similis
1362 1091 1549 1162 ditissimo,-
1589 1097 1627 1158 et
1659 1094 1879 1171 Augustinus
1906 1095 1958 1174 (rel

289 1175 452 1250 ‘peccante
464 1172 584 1232 rnnlum
605 1169 742 1242 invidiae,
758 1166 932 1230 secundum
947 1111 1035 1246 quiid
1047 1170 1086 1232 de
1139 1169 1221 1230 alius
1237 1169 1361 1252 auctor)
1375 1171 1495 1233 dicitin
1508 1173 1568 1234 lib.
1581 1173 1895 1245 deQuaestionibus
1906 1183 1955 1236 ret.

299 1252 384 1312 bono
400 1251 537 1310 bominis
560 1248 672 1321 doluit,
694 1255 725 1308 et
750 1249 845 1309 etiam
860 1247 898 1308 de
919 1248 1087 1309 excelleu-
1138 1247 1238 1323 Test,
1274 1267 1307 1310 u.
1329 1249 1397 1324 113,
1413 1246 1540 1326 amad,
1555 1249 1662 1328 quod
1681 1250 1828 1312 clatione
1842 1251 1955 1332 inflatus

298 1327 343 1391 tia
357 1326 477 1400 diviua,
500 1324 675 1388 secundum
698 1325 783 1404 qubd
805 1325 844 1388 ed
864 1326 948 1387 Deus
973 1331 1085 1391 contra
1137 1327 1238 1388 voluit
1252 1267 1319 1390 dici
1329 1330 1424 1389 Deus.

297 1409 496 1468 voluntatem
519 1405 620 1483 ipsius
634 1405 753 1467 diaboli
775 1405 877 1465 utitur
897 1404 1085 1483 ingloriam
1177 1406 1365 1484 Respondes
1377 1407 1662 1485 dicendumqudd
1676 1407 1833 1487 Angelus
1844 1410 1952 1488 absque

298 1485 452 1547 divinam.
1137 1485 1224 1544 omni
1235 1484 1332 1546 dubio
1348 1485 1492 1564 peccarit
1505 1486 1713 1566 appetendo
1725 1505 1802 1548 esse
1817 1491 1854 1547 ut
1864 1489 1949 1551 Deus.

337 1563 385 1625 Ad
396 1565 533 1642 primum
548 1579 624 1641 crgo
637 1560 806 1624 dicendum
824 1561 910 1640 qudd
922 1560 1082 1626 daemones
1176 1561 1236 1622 Sed
1256 1563 1317 1624 boc
1344 1567 1450 1642 potest
1476 1565 1625 1645 intelligi
1660 1565 1867 1644 dupliciter,
1894 1584 1949 1629 uno

296 1661 362 1705 non
373 1643 571 1705 delectantur
584 1643 617 1701 in
630 1641 891 1702 obscoenitatibus
904 1640 1084 1704 carnalium
1136 1641 1230 1702 modo
1244 1659 1303 1720 per
1319 1643 1612 1721 equiparentiam,
1627 1645 1704 1706 alio
1722 1644 1824 1705 modo
1840 1663 1894 1722 per
1907 1649 1946 1708 si-

296 1725 511 1800 peccatorum,
523 1720 617 1797 quasi
628 1719 688 1797 ipsi
703 1719 885 1780 afficiantur
897 1718 936 1780 ad
948 1717 1085 1781 delecta·
1135 1720 1358 1782 militudinem.
1370 1722 1475 1782 Primo
1490 1723 1633 1800 quidem
1648 1723 1757 1783 modo
1776 1740 1844 1782 uon
1857 1725 1946 1800 potuit

297 1800 399 1860 tiones
426 1800 588 1870 carnalem
613 1799 667 1859 sed
693 1798 755 1859 boc
776 1801 878 1858 totum
899 1815 941 1858 ex
963 1796 1083 1863 invidia
1135 1803 1286 1876 appetere
1305 1817 1375 1860 esse
1394 1803 1429 1860 ut
1447 1800 1553 1875 Deus;
1571 1802 1666 1880 quia
1689 1801 1792 1862 scivit
1807 1801 1866 1864 boc
1882 1821 1942 1866 esse
1984 1869 1985 1876 q

296 1878 456 1956 procedit,
473 1876 559 1956 qudd
572 1877 605 1936 in
620 1878 756 1954 peccatis
770 1876 936 1937 bominum
950 1877 1084 1953 quibus·
1134 1873 1330 1954 impossibile
1343 1879 1483 1940 naturali
1498 1880 1725 1959 cognitioue;
1742 1898 1805 1941 nec
1839 1881 1941 1942 rimum

295 1975 433 2034 cumque
449 1957 658 2028 delectantur,
672 1956 706 2015 in
721 1958 878 2034 quantum
893 1958 969 2016 sunt
982 1955 1083 2034 impe·
1134 1959 1240 2016 aclum
1251 1957 1402 2035 peccandi
1414 1957 1447 2040 iu
1460 1958 1530 2036 ipso
1545 1960 1734 2038 praecessit
1748 1958 1802 2034 vel
1813 1899 1937 2032 dubitus,

293 2033 435 2099 dimonia
448 2034 582 2095 humani
599 2034 685 2096 boni.
1133 2033 1184 2094 rel
1199 2035 1306 2112 passio
1321 2035 1425 2116 ligans
1440 2037 1714 2116 cognoscitivam
1729 2036 1834 2114 ipsius
1844 2038 1936 2098 rirtu-

334 2115 381 2175 Ad
394 2113 570 2175 secundum
581 2112 748 2173 dicendum
761 2111 847 2189 qudd
861 2111 1008 2185 avaritia,
1025 2131 1083 2175 se-
1132 2113 1213 2185 tem,
1231 2117 1265 2174 ut
1281 2113 1314 2174 iu
1335 2114 1521 2192 particulari
1536 2115 1708 2177 deficiens
1728 2115 1864 2194 eligeret
1881 2117 1937 2176 im-

294 2189 433 2254 ounddm
447 2190 534 2269 qudd
547 2195 595 2251 est
608 2191 746 2268 speciale
760 2194 939 2267 peccatum,
955 2196 1003 2252 est
1018 2192 1082 2253 im·
1155 2192 1302 2264 ossibile,
1330 2193 1412 2254 sicut
1441 2195 1474 2254 iu
1496 2195 1593 2256 nobis
1621 2191 1798 2255 interdum
1821 2195 1931 2256 accidit.

293 2271 474 2333 moderatus
511 2269 670 2346 appetitus
701 2285 811 2359 rerum
843 2269 1079 2346 temporalium,
1132 2207 1256 2332 driaco
1274 2272 1347 2332 dato
1365 2272 1451 2412 quod
1467 2278 1552 2334 esset
1574 2273 1769 2353 possibile,
1785 2273 1932 2334 bocesset

292 2366 365 2426 queo
388 2349 520 2410 veniunt
541 2347 574 2406 in
595 2364 690 2406 usum
710 2349 781 2406 vitra
803 2347 963 2423 humanae,
1009 2367 1082 2414 uac-
1133 2352 1244 2413 contm
1261 2356 1373 2414 natura
1389 2371 1406 2414 e
1421 2351 1640 2426 desiderium
1654 2353 1747 2414 inest
1762 2352 1847 2412 enim
1864 2353 1931 2412 uui-

292 2444 430 2504 cumque
440 2423 577 2504 pecunia
589 2425 740 2489 estimari
750 2431 903 2505 possunt3
920 2434 951 2489 et
964 2367 1006 2490 ad
1019 2432 1080 2493 ista
1132 2428 1249 2515 cuique
1261 2431 1408 2492 naturale
1416 2431 1615 2493 desiderium
1626 2431 1672 2494 ad
1681 2432 1927 2493 conservandum

291 2522 357 2565 non
380 2505 563 2566 afficiuntur
583 2505 753 2577 daemones,
779 2506 863 2566 sicut
882 2524 941 2567 nec
958 2509 997 2569 ad
1019 2509 1081 2570 de·
1131 2509 1491 2586 suumesse,quodnon
1504 2513 1791 2582 conservaretur,
1803 2510 1928 2569 sitrans-

291 2582 478 2646 lectationes
502 2585 660 2646 carnales.
681 2583 769 2646 Unde
789 2585 927 2646 avaritia
951 2586 1080 2665 proprie
1130 2589 1310 2648 mutaretur
1329 2587 1362 2647 in
1383 2588 1517 2650 alteram
1541 2594 1721 2651 naturam.
1747 2587 1832 2648 Unde
1848 2588 1924 2648 nulla
1984 2623 1985 2638 .

290 2667 418 2741 sumpta
433 2661 465 2722 in
481 2662 526 2724 eis
542 2681 613 2724 esse
626 2680 691 2723 non
702 2667 817 2741 potest.
832 2662 890 2726 Sed
904 2664 931 2724 si
943 2666 1079 2729 avaritia
1130 2679 1181 2723 res
1196 2681 1267 2742 quas
1280 2670 1327 2727 est
1338 2667 1371 2726 in
1386 2664 1530 2728 inferiori
1546 2668 1659 2746 gradu
1676 2670 1823 2732 naturae.
1834 2669 1924 2743 potest

291 2741 417 2802 dicatur
429 2741 533 2801 omnis
547 2741 755 2803 immoderata
770 2742 925 2819 cupiditas
941 2742 1078 2805 habendi
1130 2746 1279 2833 appetere
1306 2745 1480 2821 superioris
1504 2751 1637 2807 naturae
1666 2744 1825 2825 gradum
1850 2744 1921 2804 sicut
1984 2749 1985 2818 j

289 2819 514 2897 quodcumque
544 2821 665 2879 bonum
691 2824 845 2894 creatum,
872 2821 919 2881 sic
941 2823 1078 2885 avaritia
1130 2834 1240 2882 asinus
1254 2839 1319 2882 non
1329 2825 1449 2901 appetit
1462 2841 1532 2886 esse
1545 2841 1676 2901 equus,
1692 2824 1774 2901 quia
1788 2821 1814 2882 si
1824 2825 1919 2882 trans-
1984 2819 1985 2894 l

290 2897 473 2959 continetur
487 2898 519 2957 in
535 2897 697 2974 superbid,
716 2915 787 2975 quae
808 2899 903 2958 estin
918 2899 1077 2961 daemoui-
1130 2895 1266 2960 serretur
1283 2901 1316 2960 iu
1342 2903 1475 2979 gradum
1492 2902 1680 2979 superioris
1701 2907 1842 2971 naturae,
1861 2899 1918 2978 jam
1984 2895 1985 2962 ἶ

288 2976 361 3037 bus.
375 2977 427 3038 lra
441 2975 518 3038 verb
529 2993 601 3037 cum
611 2975 750 3055 quadam
761 2978 909 3054 passione
922 2981 980 3050 est,
996 2979 1078 3041 sicut
1129 2977 1199 3056 ipsa
1214 2995 1278 3039 non
1301 2982 1395 3040 esset.
1408 2980 1466 3040 Sed
1490 2980 1523 3040 in
1544 2981 1611 3042 boo
1638 2978 1829 3058 imaginatio
1842 2977 1916 3037 deci·
1984 2991 1985 3044 l

289 3057 322 3114 et
338 3054 618 3133 coucupiscentia3
633 3055 718 3115 unde
738 3054 806 3132 ipsa
830 3056 862 3116 in
879 3055 1076 3120 damonibus
1120 3055 1230 3133 'pitur3
1250 3058 1326 3136 quia
1339 3059 1424 3118 enim
1437 3059 1532 3120 bomo
1546 3059 1678 3138 appetit
1694 3076 1767 3119 esse
1779 3058 1812 3116 iu
1823 3056 1914 3117 altiori
1984 3129 1985 3132 Ἴ

289 3149 360 3194 esse
386 3149 452 3193 uon
477 3136 581 3211 potest
607 3133 668 3193 nisi
706 3133 937 3211 metaphorice.
960 3133 1076 3200 Acedia
1128 3135 1228 3214 gradu
1246 3134 1404 3213 quantiam
1421 3137 1460 3199 ad
1475 3137 1586 3216 aliqua
1601 3133 1913 3211 accidentalia,quu
1984 3147 1985 3202 ξ

289 3211 367 3273 verb
394 3211 600 3290 estquaedam
623 3211 752 3273 tristitia
771 3209 837 3290 qud
854 3212 949 3273 bomo
973 3214 1077 3275 reddi·
1127 3217 1264 3304 possunt
1291 3233 1434 3276 crescere
1458 3218 1580 3294 absque
1609 3215 1823 3293 corruptione
1849 3213 1911 3273 sub·

287 3292 341 3349 tur
365 3288 474 3351 tardus
496 3289 535 3351 ad
564 3289 745 3366 spirituales
759 3294 848 3352 actus
863 3292 995 3369 propter
1006 3310 1076 3354 cor·
1124 3292 1221 3370 Jecti,
1243 3295 1418 3354 estimatur
1447 3292 1533 3373 qudd
1562 3295 1672 3372 possit
1697 3297 1846 3371 appetere
1870 3288 1911 3349 al-
1984 3319 1985 3370 i

286 3369 430 3447 poralem
449 3368 604 3439 laborem,
618 3369 674 3445 qui
693 3368 889 3430 daemonibus
904 3385 970 3428 non
986 3387 1076 3432 com-
1126 3369 1239 3431 tiorem
1261 3372 1394 3450 gradum
1417 3378 1559 3446 naturus,
1576 3373 1612 3433 iu
1634 3389 1737 3451 quem
1758 3367 1906 3449 pervenire
1984 3377 1985 3418 3

287 3448 376 3537 petit.
406 3447 445 3506 Et
472 3448 518 3507 sic
547 3449 634 3524 patet
661 3445 746 3524 qudd
771 3448 841 3508 sola
866 3449 1018 3524 superbia
1044 3455 1075 3510 el
1126 3464 1191 3507 uon
1209 3453 1333 3526 posset,
1354 3450 1415 3512 nisi
1438 3469 1508 3514 esse
1521 3451 1702 3513 desineret.
1722 3447 1907 3510 Manifestum

286 3525 407 3587 invidia
432 3529 508 3586 sunt
534 3523 614 3603 purd
640 3525 820 3602 spiritualia
847 3529 975 3603 peccata
1002 3545 1075 3604 qua
1126 3533 1174 3588 est
1193 3532 1299 3588 autem
1318 3527 1404 3605 qudd
1421 3528 1505 3590 Deus
1526 3531 1658 3591 excedit
1677 3528 1832 3607 Angelum
1851 3537 1903 3583 uon
1984 3557 1985 3570 .

286 3601 483 3664 daemonibus
512 3607 694 3681 competere
715 3608 870 3681 possunt3
894 3604 938 3665 ita
966 3609 1073 3668 tamen
1125 3603 1301 3667 secundum
1330 3606 1439 3684 aliqua
1460 3608 1697 3677 accidentalia,
1729 3605 1783 3666 sed
1807 3612 1903 3664 secun·

286 3680 373 3758 qudd
388 3681 506 3742 invidia
522 3698 586 3741 non
603 3685 749 3742 sumatur
765 3698 823 3759 pro
838 3683 998 3760 passione,
1017 3684 1072 3746 sed
1124 3681 1200 3744 dium
1215 3683 1347 3763 gradum
1361 3691 1501 3756 nature,
1517 3691 1548 3746 et
1562 3688 1663 3747 etiam
1677 3701 1764 3746 unus
1779 3679 1901 3757 Angelus

285 3759 522 3836 provoluntate
535 3759 691 3820 renitente
707 3763 791 3820 bono
803 3760 948 3821 alterius.
1124 3762 1234 3823 alium.
1245 3763 1333 3824 Unde
1345 3763 1541 3841 impossibile
1554 3771 1603 3826 cst
1619 3763 1708 3844 qudd
1719 3778 1799 3822 unus
1812 3760 1898 3844 daga-
1984 3813 1985 3826 .

326 3836 373 3896 'Ad
397 3838 526 3898 tertium
543 3837 711 3898 dicendum
725 3836 811 3915 qudd
826 3840 886 3899 sub
900 3839 1022 3902 invidia
1041 3844 1073 3902 et
1124 3839 1174 3901 lus
1194 3840 1325 3902 interior
1344 3846 1473 3920 appetat
1490 3860 1560 3904 esse
1575 3842 1715 3922 aequalis
1738 3836 1897 3916 superiori,
1984 3851 1985 3900 l

287 3914 458 3993 superbia,
482 3919 577 3994 prout
603 3915 636 3976 in
663 3916 859 3977 daerrronibus
885 3926 1070 3995 ponuntur,
1123 3916 1240 3980 nedum
1254 3918 1339 3998 qubd
1353 3924 1483 3998 appetat
1496 3939 1566 3982 esse
1579 3921 1717 4000 aequalis
1735 3919 1817 4006 lieo..
1849 3987 1874 4004 ..

163 4029 168 4052 .
285 3995 600 4073 comprehenduntur
615 3995 723 4056 omnia
740 3998 1071 4074 peccataqueabillis
1163 3998 1320 4075 Appetere
1340 4006 1447 4059 autem
1476 4016 1547 4060 esse
1569 4001 1710 4060 uilicus
1727 3988 1904 4076 peremis.
1984 4011 1985 4072 p

287 4072 483 4135 derivantur.
1122 4075 1285 4145 tudinem,
1320 4077 1475 4156 contingit
1507 4078 1692 4156 dupliciter.
1721 4077 1787 4136 lluo
1816 4065 1894 4128 modo

285 4151 465 4214 Auricuuos
486 4169 534 4213 111.
553 4187 591 4196 -
613 4150 726 4213 Utrdm
746 4151 888 4212 diodolus
906 4154 1071 4231 oppetierit
1122 4152 1279 4232 quantdm
1295 4155 1333 4215 ad
1350 4155 1379 4215 id
1394 4155 1505 4234 inquo
1520 4157 1643 4234 aliquid
1658 4153 1822 4216 natumest
1837 4145 1891 4204 lico

318 4249 378 4290 csse
391 4239 427 4292 ot
441 4228 620 4310 Deua-(2,
635 4230 708 4292 dist.
720 4229 863 4309 laqueat.
876 4230 905 4303 1,
917 4239 979 4292 ort.
992 4232 1036 4312 2.)
1122 4233 1294 4294 assimilari
1306 4253 1314 4301 ς
1328 4237 1360 4294 ct
1372 4234 1429 4303 sic,
1443 4236 1471 4295 si
1488 4235 1605 4312 aliquis
1622 4233 1779 4313 quantdm
1792 4226 1827 4288 ad
1842 4223 1892 4282 boc

325 4309 370 4368 Ad
386 4310 514 4370 tertium
526 4309 573 4370 sic
582 4309 774 4387 proceditur.
798 4309 827 4369 1.
839 4309 972 4370 Videtur
1006 4310 1071 4372 udd
1122 4315 1252 4389 appetat
1266 4329 1336 4373 esse
1356 4313 1421 4373 lieo
1441 4313 1570 4385 similis,
1591 4331 1659 4374 non
1680 4311 1799 4392 peccat,
1814 4303 1889 4361 dum·

284 4386 430 4447 diabolus
452 4405 517 4447 non
532 4388 702 4465 appetierit
720 4405 790 4448 esse
811 4391 846 4447 ut
864 4388 960 4449 Deus.
984 4329 1069 4450 diluti
1122 4389 1216 4449 modd
1232 4390 1471 4450 similitudinem
1491 4392 1548 4453 Dei
1566 4392 1673 4453 debito
1687 4387 1793 4450 ordine
1807 4395 1887 4465 apptj

284 4465 369 4523 enirn
384 4464 470 4542 quod
488 4483 552 4524 non
568 4465 651 4526 eadit
665 4464 698 4524 in
719 4466 987 4543 apprehensione,
1002 4485 1068 4528 non
1122 4471 1167 4527 tat
1182 4468 1331 4544 adipisci,
1347 4473 1381 4528 ut
1395 4469 1516 4530 scilicet
1528 4487 1599 4532 eam
1618 4469 1718 4533 dDeo
1734 4463 1848 4552 babeat·
1861 4453 1886 4513 Sl

283 4542 411 4602 caditin
429 4544 590 4621 appetitu;
612 4541 683 4603 edm
698 4546 817 4603 bonum
832 4544 1069 4621 apprehensum
1121 4546 1193 4621 quis
1218 4552 1328 4606 aulem
1358 4553 1524 4625 appeteret
1552 4545 1728 4610 secundum
1750 4541 1885 4622 justiliam

282 4629 412 4681 moveat
427 4622 602 4700 appetitum
619 4622 667 4682 vel
683 4621 877 4690 sensibilem,
899 4623 946 4682 vel
962 4625 1069 4683 ratio·
1121 4639 1191 4684 esse
1209 4624 1321 4685 similis
1342 4625 1426 4698 Deo,
1448 4627 1542 4704 quasi
1566 4624 1699 4706 propria
1717 4621 1839 4685 virtute,
1860 4613 1886 4670 el

283 4700 400 4770 nalem,
412 4701 459 4760 vel
476 4700 742 4768 intellectualcm;
759 4701 791 4758 in
806 4700 994 4762 soluentem
1008 4703 1069 4763 bu·
1120 4687 1881 4783 nonexvirtuteDei,peccaret.dliorerdm⁰d⁰
1918 4731 1922 4740 ·
1984 4719 1985 4776 j

277 4777 417 4915 {osmodi
440 4778 583 4857 appetitu
610 4777 764 4857 contingit
791 4797 861 4840 esse
889 4783 1066 4856 peccatum.
1119 4784 1225 4856 potest
1235 4781 1351 4859 aliquis
1364 4787 1514 4860 appetere
1524 4784 1637 4846 similis
1647 4779 1785 4846 esseDeo
1794 4783 1881 4864 quan·

303 4857 340 4918 ed
359 4862 540 4919 creaturam
566 4857 707 4934 aliquam
729 4875 800 4918 csse
823 4859 978 4934 aqualem
1001 4859 1067 4920 Deo
1119 4857 1187 4936 idm
1202 4860 1241 4922 ad
1256 4860 1317 4921 boc
1329 4861 1363 4921 in
1380 4878 1446 4938 quo
1462 4878 1524 4923 non
1542 4868 1635 4924 natus
1651 4864 1697 4924 est
1709 4849 1878 4920 assimilans

282 4951 346 4994 non
370 4935 454 4996 cadit
467 4937 500 4995 iu
522 4935 796 5012 apprehensionc;
825 4936 964 5015 implicat
980 4938 1066 4998 onim
1120 4939 1203 4997 sicut
1223 4939 1249 5000 si
1271 4940 1343 5017 quis
1363 4943 1525 5017 appeteret
1538 4957 1649 5003 creare
1662 4937 1769 5000 celum
1787 4928 1876 5012 ellef-
1984 4965 1985 4994 ,

280 5013 579 5085 contradictionem
606 5014 683 5089 quia
710 5021 840 5075 neeesse
868 5019 916 5074 est
941 5015 1066 5076 linitum
1118 5018 1612 5096 ram,quod'estpropriumllei‚
1633 5019 1665 5080 in
1683 5005 1876 5094 quoapptlllll
1984 5000 1985 5026 ¹

280 5107 349 5152 esse
363 5091 534 5163 infinitum,
548 5091 574 5152 si
588 5095 734 5168 aequatur
748 5091 884 5152 infinito.
899 5093 984 5171 Ergo
998 5094 1065 5154 An·
1119 5102 1201 5156 esset
1220 5104 1397 5172 peccalum.
1802 5157 1805 5162 .

280 5170 370 5248 gelus
386 5187 452 5230 nou
467 5170 570 5247 potuit
587 5174 737 5246 appetere
752 5188 822 5232 esse
839 5173 874 5230 ut
887 5171 984 5231 Deus.
1157 5173 1195 5232 Et
1225 5173 1286 5234 boc
1318 5176 1412 5235 modo
1434 5175 1581 5238 diabolus
1612 5171 1738 5255 appetiit
1762 5177 1824 5226 csse
1846 5157 1872 5214 ul

318 5247 349 5307 2.
372 5248 545 5319 Praeterea,
569 5247 645 5308 illud
665 5248 750 5325 quod
770 5252 819 5309 est
839 5247 911 5308 linis
928 5252 1063 5322 naturae,
1117 5249 1215 5320 Deus,
1245 5269 1310 5313 sion
1327 5260 1363 5314 ut
1386 5255 1414 5314 ei
1439 5255 1672 5316 assimilaretur
1688 5240 1826 5328 quantdm
1840 5231 1872 5324 qd

279 5327 401 5404 absque
416 5331 545 5403 peccato
560 5326 666 5404 appeti
685 5329 799 5403 potest.
821 5326 880 5387 Sed
893 5327 1063 5391 assimilari
1118 5329 1179 5391 boc
1201 5331 1285 5408 quod
1303 5337 1351 5392 est
1366 5333 1445 5392 nulli
1467 5335 1599 5394 subesse
1615 5327 1797 5409 simplicium
1809 5325 1870 5391 ll¹¹¹³

278 5405 345 5466 Deo
359 5410 409 5466 est
423 5405 493 5465 linis
508 5405 649 5482 inquom
659 5403 759 5465 tendit
771 5405 962 5465 naturaliter
974 5423 1066 5484 quae-
1118 5407 1164 5468 sic
1189 5425 1283 5469 suum
1313 5427 1378 5471 non
1411 5428 1481 5472 esse
1508 5416 1683 5490 appeteret,
1710 5403 1775 5475 cl'lffl
1798 5389 1871 5454 ”⁰¹¹³

278 5484 356 5544 libet
368 5491 526 5545 creatura.
545 5483 575 5544 Si
592 5499 668 5562 crgo
684 5483 859 5560 Angelusa
882 5484 974 5560 potiit
995 5503 1065 5546 esse
1118 5493 1265 5548 creatura
1284 5505 1355 5550 esso
1378 5491 1479 5568 possit
1500 5491 1562 5551 nisi
1583 5509 1641 5568 per
1661 5490 1716 5548 boc
1730 5473 1805 5570 qqod,
1819 5466 1868 5529 ⁸⁰¹³

278 5567 313 5621 ut
324 5563 409 5622 Deus
424 5579 488 5622 non
504 5578 561 5639 por
572 5561 799 5638 equalitatem,
813 5578 847 5622 se
882 5578 940 5638 per
952 5563 1065 5623 simili·
1117 5563 1265 5627 Decesse
1281 5569 1460 5645 participat.
1477 5567 1535 5628 Sed
1548 5569 1582 5628 in
1596 5569 1656 5630 boc
1668 5558 1786 5642 appono
1798 5545 1869 5610 indo·

278 5639 431 5713 tudinem,
456 5639 581 5701 videtur
600 5639 685 5717 qubd
709 5639 741 5699 in
766 5639 828 5701 boc
850 5656 916 5701 uon
944 5657 1064 5718 pecca·
1117 5641 1182 5704 bite
1199 5660 1269 5704 esse
1286 5645 1397 5706 similis
1414 5647 1498 5720 lieo,
1518 5647 1596 5723 quia
1610 5641 1732 5724 appetiit
1749 5629 1865 5693 starem

270 5719 368 5798 leil&
1106 5721 1264 5784 'ultimum
1279 5723 1482 5786 beatitudinis
1499 5725 1584 5790 idad
1603 5721 1685 5804 quod
1703 5713 1801 5779 uirtute
1813 5711 1865 5762 su!
