3980 6332
114 345 159 406 ssa
732 337 797 404 tm.
815 343 860 408 tv.
881 341 1040 407 hhtthc'l.
1061 343 1103 404 tt.

114 465 124 520 l
138 462 169 520 de
180 459 315 532 Baptisnto
328 468 423 518 eotttra
441 461 583 527 enuntiet,
596 473 621 518 e.
635 459 669 516 ld
683 477 690 516 :
707 461 752 520 liis
770 461 814 532 aid
830 463 890 518 lleto

113 533 421 601 cnrdehaptizantur‚aat
430 543 536 601 precenta
552 531 701 586 radlateaits
714 534 888 600 dimittamur,

113 606 166 674 quia
186 603 302 672 Spiritus
321 613 428 658 sanetas
447 602 592 671 disciplina
606 603 711 672 ellugict
727 603 832 668 dctum;
847 613 891 658 aut

113 675 134 729 la
146 674 199 740 ipso
214 681 346 742 temperis
361 683 460 742 anneta
474 687 521 740 per
533 673 583 726 rim
598 673 755 727 sacramenti
771 673 889 738 diruisse,

112 744 197 798 iterium
211 759 262 812 per
275 744 410 798 hettonem
422 743 594 814 replicantium
603 741 717 797 utctlnm
728 741 790 797 illud
801 759 889 798 rerum

110 817 139 867 sit
153 833 157 863 τ
172 814 301 884 Quotquot
312 816 338 868 in
350 811 450 869 Christo
462 813 580 882 baptizoti
594 813 669 878 ertit,
684 821 746 876 ete..
763 813 848 868 Cedat.
862 815 888 878 ὅ,

111 895 135 938 et
152 883 215 938 illud
232 901 239 936 :
257 883 373 953 Spiritus
390 893 493 937 sanctus
510 882 649 950 disciplina·
667 880 768 952 edomet
785 883 889 948 detrtm,

111 954 255 1022 Sapientl3
267 953 464 1008 utiaduatcum
475 953 606 1008 Christian
619 953 744 1007 satietitas
758 953 889 1022 baptismi,

112 1033 133 1077 a
146 1033 222 1078 rxuat
231 1039 297 1079 eum
306 1023 443 1078 Christum
454 1021 582 1089 pernicies
597 1023 717 1076 hettonis.
728 1022 791 1076 liant
804 1023 891 1076 redire

113 1095 209 1148 diutissa
225 1105 336 1162 peecata
350 1094 394 1148 ulti
411 1094 522 1147 lauterna
538 1093 652 1147 alteritas
667 1109 718 1146 nau
733 1100 783 1156 est,
799 1093 891 1162 artearte

113 1163 230 1218 ltontittus
244 1163 327 1219 docet
339 1165 419 1218 etiam
439 1163 465 1216 iu
488 1162 533 1218 illo
551 1177 638 1228 seruo,
657 1163 672 1218 i
692 1177 745 1232 qao
766 1163 892 1218 handuns

112 1233 240 1288 diutissttm
253 1233 374 1288 debitum
389 1232 473 1302 petiit,
486 1233 544 1302 quia
560 1232 604 1287 ille
618 1247 745 1288 etrttscrtu
759 1233 891 1288 dimittere

112 1305 195 1357 ualuit.
215 1303 263 1360 stc
284 1319 339 1358 ttott
362 1302 501 1374 impeditur
520 1303 642 1372 haptismi
656 1303 737 1370 gralia
751 1303 892 1372 qunmhtits

112 1375 188 1427 amaia
205 1383 317 1444 pecerta
331 1373 505 1436 dimittantur,
524 1373 626 1427 etiamsi
644 1373 786 1428 fraternum
803 1371 891 1428 talium

112 1443 134 1496 ln
151 1443 206 1514 eins
220 1445 264 1500 eui
283 1444 468 1506 dintittuntur,
495 1443 582 1496 anima
597 1452 756 1512 perseueret.
776 1441 892 1497 Solvitur

112 1515 172 1568 enim
186 1512 406 1579 hesternusdies,
416 1521 444 1567 et
456 1511 580 1580 quidquid
593 1521 727 1580 superest:
742 1522 769 1566 ct
783 1515 892 1567 soluitur

113 1583 182 1636 etiarn
203 1585 262 1650 ipsa
282 1585 348 1636 horu
369 1591 583 1653 momentumque
601 1593 662 1638 aute
677 1581 845 1651 baptismam,
866 1590 892 1638 et

114 1655 135 1706 in
156 1655 298 1722 haptisma.
322 1653 452 1722 Deinceps
470 1661 556 1707 autem
574 1651 700 1706 cantinad
719 1666 780 1708 reus
801 1653 893 1723 incipit

113 1739 165 1778 esse
175 1739 227 1778 raon
241 1725 332 1778 solinu
347 1723 575 1790 consequentium,
591 1722 637 1776 sed
656 1723 734 1778 ettam
748 1724 894 1792 prseterito-

113 1808 163 1848 rum
188 1793 316 1856 dierum,
340 1793 481 1856 hararum,
504 1803 698 1848 momentorum
722 1792 892 1848 redeuntibus

114 1865 224 1918 amitibus
236 1877 300 1932 qum
310 1862 418 1918 dimissa
434 1871 503 1918 suat.
521 1861 576 1916 liae
590 1870 696 1925 autera,
720 1871 749 1916 nt
768 1862 891 1930 prediti-

114 1949 173 1996 rnas,
187 1949 240 1986 rann
255 1933 307 1987 suh
320 1932 466 1987 assertione
476 1933 555 1994 dixit:
571 1932 640 2002 qaod
655 1933 803 1987 ostenditur
815 1947 847 1987 ex
860 1948 893 1987 co

114 2004 173 2072 quad
190 2005 227 2058 ait
242 2004 270 2056 in
286 2001 382 2057 eodem
402 2002 470 2057 lihro
482 2005 520 2056 sie
533 2020 539 2056 :
552 2001 580 2056 Si
593 2003 625 2056 ad
645 2003 801 2071 laptismum
818 2004 893 2057 lictus

115 2073 212 2134 aeetlit,
228 2073 342 2129 dimissa
357 2081 419 2126 suut
432 2075 455 2128 ei
470 2081 586 2141 paccata,
603 2081 648 2126 atti
663 2087 714 2127 tren
728 2082 788 2125 suut
802 2073 893 2126 dluds·

115 2157 153 2207 sa3
166 2142 264 2212 eligant
277 2143 348 2212 quod
362 2141 501 2197 coluerint.
515 2143 583 2196 Ecce
595 2143 685 2212 aperte
699 2143 794 2200 cernis.
815 2145 836 2198 si
853 2151 893 2196 ta·

116 2228 168 2266 meu
189 2213 309 2268 attettdis
330 2213 356 2266 id
383 2213 482 2268 dixisse
505 2215 571 2282 hag.
594 2229 645 2266 nau
667 2211 824 2270 asserendo.
846 2212 892 2266 scd

116 2283 261 2350 querendo,
288 2282 451 2338 elatiorem
478 2283 629 2350 opinionem
654 2283 799 2336 relerenda.
822 2281 892 2336 ldam

116 2355 175 2404 urim
188 2355 224 2408 ait
237 2353 350 2419 ibidem,
366 2352 445 2425 paulo
458 2354 525 2407 intra
540 2367 547 2404 ι
563 2352 637 2407 'lune
651 2353 739 2406 ualere
757 2351 845 2419 incipit
861 2352 893 2406 ad

117 2425 216 2478 salutem
231 2423 393 2492 baptismus,
409 2424 467 2478 eiua
483 2423 525 2476 illa
539 2422 608 2476 datin
623 2423 707 2476 ueraci
728 2421 893 2476 consessione

117 2496 265 2557 recesserim
281 2509 341 2564 qaae
355 2494 435 2548 corate
448 2495 473 2548 in
490 2487 586 2546 tttalitii
598 2499 791 2560 perseverante,
802 2507 893 2560 peeca-

119 2573 194 2616 tantm
213 2564 379 2619 ablutionem
399 2578 452 2618 non
468 2564 570 2618 siaehat
590 2561 657 2617 deri.
680 2561 737 2617 tlon
756 2577 819 2632 ergo
834 2561 894 2617 lictd

118 2634 243 2689 act-edenti
259 2644 369 2706 peecata
384 2634 560 2687 dimittuntur.

121 2703 239 2770 manando
260 2705 418 2774 intelliqatar
429 2703 493 2756 illud
508 2719 517 2756 :
531 2702 664 2772 Quotquot
682 2701 706 2755 in
726 2700 831 2755 Christo
848 2700 894 2756 ha-

270 2775 360 2844 ptizati
373 2774 446 2839 estis,
458 2773 589 2826 Christum
606 2772 736 2826 induistis.

148 2846 171 2900 t.
186 2847 322 2916 Queritur
333 2859 395 2913 ergo
410 2842 542 2913 quomodo
557 2841 619 2896 illud
632 2842 774 2910 accipiatur
789 2859 795 2894 ι
813 2839 893 2906 Quat·

120 2927 168 2984 quot
176 2919 200 2970 in
210 2915 313 2972 Christo
324 2915 442 2984 doptizntt'
452 2911 652 2977 ertit,Cltrt'atum
660 2912 787 2966 itrtlttittt't.
806 2912 895 2966 Potest

121 2985 163 3039 dd
175 2987 244 3056 qrtdd
260 2985 305 3056 qui
320 2985 345 3038 ia
359 2985 474 3044 Christo,
492 2984 515 3036 id
527 2992 577 3047 est,
593 2981 619 3036 iu
634 2981 732 3036 Christi
751 2981 894 3036 emtionni-

121 3065 165 3110 tate
182 3057 366 3126 baptizantur,
391 3055 459 3108 sicut
478 3053 625 3106 moriuntur
637 3053 757 3106 vetustati
778 3052 892 3119 percuti,

121 3120 894 3190 sieutChristustetustatipraetia,iruluuntChristam,quem

123 3197 282 3265 pergratiam
302 3196 329 3248 in
352 3193 509 3249 luthiurntem
534 3194 639 3246 haheat.
664 3193 753 3246 Potest
773 3205 798 3246 et
820 3192 896 3245 aliter

121 3266 301 3322 statuamus
311 3265 382 3319 cuim
399 3265 483 3318 rtrttdis
497 3261 629 3316 Christum
645 3262 753 3316 italacre
767 3261 893 3316 diciamr:

123 3339 155 3388 rel
167 3337 347 3405 assumptione
361 3334 528 3398 sacramenti,
538 3333 576 3386 tel
586 3333 622 3386 rei
635 3333 812 3400 perceptione.
821 3330 895 3387 Unde

123 3407 190 3475 lup,
202 3408 248 3461 lib.
264 3407 280 3460 5
293 3405 328 3460 de
342 3405 417 3473 Bapt.
433 3416 524 3456 cotrtra
545 3404 655 3466 hanah,
672 3401 746 3456 odd
763 3401 896 3456 :iuduunt

124 3473 232 3532 tornines
254 3476 391 3531 Christum
414 3473 554 3542 aliquando
574 3487 657 3543 usque
681 3471 714 3525 ad
737 3473 895 3526 sacramenti

124 3549 321 3616 perceptionem,
337 3542 478 3614 aliquanda
491 3558 574 3612 usqne
588 3546 620 3596 ad
636 3543 695 3596 ritu
707 3542 895 3596 sanctiticatiu-

125 3632 173 3670 uem
183 3636 190 3682 3
202 3627 282 3688 atque
302 3615 367 3671 illud
382 3615 493 3681 primum
509 3613 584 3666 tronis
598 3623 624 3666 et
644 3611 720 3665 malis
737 3620 895 3681 potestesse

123 3693 260 3753 utmmunc',
277 3687 329 3740 lacte
341 3693 429 3738 autem
448 3689 488 3738 e‘st
520 3683 635 3752 roprium
657 3683 784 3736 ltrtuorum
797 3689 824 3737 et
837 3682 894 3750 pio-

125 3772 180 3812 nun.
193 3758 291 3812 0ames
302 3753 421 3826 erqoqai
439 3755 464 3808 in
483 3699 580 3808 eima
595 3753 701 3807 ttoraiue
715 3753 893 3820 baptizantur,

124 3823 241 3882 Christum
253 3824 415 3882 induaatrel
424 3823 568 3879 seettndiuu
579 3823 735 3876 sacramenti
748 3823 895 3892 perceptio·

125 3910 183 3960 uetur,
197 3897 237 3952 uel
248 3895 395 3951 secandum
411 3895 471 3948 vitae
483 3893 728 3948 saumilleatiancm.

169 3965 203 4020 De
214 3967 265 4022 illis
277 3967 320 4036 qui
334 3965 472 4034 suscipiant
484 3979 535 4018 rem
549 3973 572 4016 ct
588 3979 637 4016 tren
650 3971 841 4016 tacrmrrentuut.

153 4037 252 4092 l.Sant
267 4035 365 4100 etalii,
385 4043 414 4089 ut
430 4049 507 4104 supra
529 4033 676 4104 posuimus,
689 4031 732 4100 qai
750 4032 897 4102 suscipiunt

126 4118 172 4159 mut
183 4117 209 4162 et
226 4122 280 4162 non
300 4114 504 4160 sacramentum.
520 4103 569 4170 Qud
584 4104 654 4156 euim
675 4101 813 4157 elluudaut
831 4115 895 4155 sau-

126 4177 217 4242 guinem
228 4194 275 4246 pru
290 4173 477 4240 namineJesu,
491 4175 540 4229 etsi
554 4190 605 4226 naa
621 4181 825 4236 sacramentam,
838 4187 895 4226 cem

128 4253 200 4301 otiien
213 4249 354 4316 ascipiunt.
366 4245 440 4300 llnde
453 4245 531 4314 hup,
541 4243 616 4305 thid,
628 4257 652 4296 c.
665 4241 700 4296 Ἡ
715 4241 897 4308 :Quicumque

128 4330 169 4372 tmn
182 4329 304 4390 percepto
323 4315 532 4387 regenerationis
547 4313 651 4367 lavucro
670 4327 716 4380 pro
729 4311 896 4366 contessioae

126 4386 210 4444 Christi
220 4389 377 4453 moriuntur,
390 4384 489 4439 taatirm
500 4384 539 4439 eis
549 4383 619 4436 ualet
628 4381 822 4436 addimitteuda
838 4397 898 4450 pec-

127 4469 183 4522 cata,
198 4460 323 4528 qaaatttm
337 4459 358 4510 si
379 4455 547 4510 abluerentur
567 4467 643 4507 sacro
668 4452 740 4507 ltrrtte
762 4452 895 4518 ttaptisnri.

134 4528 232 4584 ttulistis
254 4527 324 4599 qaod
351 4526 439 4596 passio
458 4539 505 4593 pro
524 4523 621 4576 Christi
645 4523 752 4575 narniae
775 4531 896 4590 susecpta

134 4601 218 4666 updet
230 4601 313 4653 vicem
330 4597 466 4666 Baptisrui.
479 4593 533 4649 Nee
543 4593 644 4647 tautmn
656 4593 743 4660 pa-sto
753 4593 835 4645 tieem
850 4592 899 4644 lta-

133 4671 203 4733 phsmi
216 4671 316 4738 implut,
329 4669 376 4722 sed
390 4665 468 4718 etiam
483 4663 547 4719 tides
560 4673 586 4718 et
597 4662 730 4726 contritio,
747 4661 789 4714 rrhi
803 4675 896 4715 rrcecs-

134 4738 181 4791 sitaa
192 4739 304 4795 excludit
322 4745 526 4795 sacramentam,
542 4735 609 4787 sicat
624 4731 714 4800 aperte
726 4731 803 4786 docet
817 4732 874 4800 ittig
888 4772 896 4795 ,

134 4806 206 4862 dicas
219 4807 345 4878 Baptismi
358 4807 442 4860 ricem
456 4804 596 4873 aliquanda
610 4803 720 4870 impiere
735 4805 896 4869 passionem.

134 4875 161 4929 lte
173 4880 268 4934 latmue
281 4879 325 4931 illa
336 4877 378 4932 eui
388 4891 439 4930 uon
452 4875 583 4944 haptitato
594 4873 692 4927 ‹lieturn
705 4883 756 4926 est.
770 4872 833 4924 turc.
844 4870 896 4926 25:

134 4945 202 5001 llndii
215 4965 309 5003 mecum
322 4949 370 5000 erit
384 4947 410 5000 in
421 4945 557 5016 paradiso,
572 4944 602 4997 tt.
614 4941 772 5014 Cypriorum,
789 4941 814 4995 in
825 4939 899 4995 tint

133 5015 158 5070 dc
171 5017 306 5087 Baptismo,
329 5033 382 5072 non
403 5016 460 5070 lere
477 5014 664 5069 documentum
685 5012 812 5074 assumit:
828 5012 898 5079 quod

133 5088 198 5140 ctiam
206 5097 281 5158 atque
290 5088 369 5142 etiam
379 5083 790 5156 cgoconsideraus,inaenioaan
798 5081 898 5134 tautam

134 5160 265 5222 passionem
288 5169 336 5227 pro
358 5156 465 5210 uomiue
486 5153 595 5218 Christi,
622 5151 648 5208 id
673 5152 743 5222 quad
765 5149 900 5217 Baptismo

134 5225 210 5281 decrat
221 5243 296 5298 passe
308 5227 441 5350 supplere,
449 5225 581 5279 sedetiam
596 5223 673 5276 tidem
684 5221 900 5276 conversionem-

135 5312 175 5362 qac
186 5299 284 5362 cardis,
299 5297 322 5352 si
352 5294 409 5350 arte
427 5296 459 5349 ad
479 5293 664 5350 celebrandum
682 5292 835 5362 mysterium
849 5291 899 5343 lta-

135 5366 211 5430 ptismi
224 5369 268 5421 ina
307 5365 382 5421 ostiis
395 5375 542 5434 temporum
553 5363 669 5418 succurri
679 5377 729 5415 mm
742 5371 837 5430 praest.
847 5359 899 5415 Ne-

136 5452 176 5502 uae
185 5453 249 5491 enun
266 5438 284 5490 il
297 5453 312 5492 e
328 5439 396 5491 latro
412 5451 458 5505 put
469 5434 574 5488 uoruiue
583 5433 680 5488 Christi
692 5431 833 5485 erucitisus
843 5440 900 5495 cst,

136 5507 174 5560 ted
186 5522 229 5576 pro
241 5508 341 5562 meritis
356 5506 500 5560 hcituarum
514 5519 636 5566 suarum;
653 5517 702 5556 nee
716 5502 776 5570 qaia
791 5499 901 5554 eredidit

138 5590 216 5642 passus
228 5587 275 5643 est,
288 5577 334 5632 sed
344 5577 405 5631 dum
414 5576 510 5646 putitiu
518 5573 610 5629 eredit.
620 5572 751 5638 Quatuitm
762 5583 825 5638 eruut
836 5569 901 5624 tides

138 5648 221 5711 ualeat,
230 5650 306 5703 etiam
316 5644 494 5702 sinerisihilis
505 5643 628 5712 ltaptismi
641 5651 819 5704 socrantcutu;
831 5639 901 5710 qnod

139 5718 264 5786 apostolus
274 5719 321 5786 ait,
336 5717 412 5771 Rom.
428 5715 462 5769 ll)
478 5732 484 5764 z
498 5711 579 5768 Corde
592 5711 701 5766 creditur
716 5710 748 5762 tat
759 5710 900 5780 justitient,

140 5797 259 5844 armum
270 5787 393 5856 consertio
401 5787 434 5852 dt
447 5785 481 5839 at
492 5785 615 5846 ididem:
633 5782 659 5836 iu
679 5781 724 5836 illo
742 5779 844 5834 tetrarte
856 5779 903 5834 ‹le-

1676 335 1731 406 tte

944 473 1072 520 etaratran
1088 473 1146 532 est;
1167 465 1214 520 sad
1235 474 1296 522 tane
1319 459 1443 534 impletur
1460 457 1644 530 tadsauder,
1666 465 1728 520 chat

944 537 1096 605 mysterium
1114 533 1236 604 haptismi
1258 535 1309 592 nod
1329 543 1495 604 contemptus
1513 534 1656 604 religionis,
1678 533 1726 590 sed
1809 545 1814 560 ·

942 607 1069 660 articulus
1084 608 1258 672 necessitatis,
1272 605 1399 662 excludit.
1415 605 1448 660 Et
1460 605 1608 674 Baptismus
1618 603 1727 674 quidem

943 685 1030 745 praest
1045 691 1103 730 essa
1120 677 1163 731 uhi
1181 677 1319 732 eanrersla
1335 677 1422 732 cordis
1438 675 1568 739 aetutem:
1587 675 1727 730 cenversio

942 755 1029 800 autern
1042 747 1128 802 cardis
1143 757 1228 813 penest
1244 747 1348 817 quidem
1365 748 1451 802 inesse
1467 761 1519 800 nou
1540 752 1665 816 percepto
1677 745 1728 800 tta-

944 817 1039 884 ptisrno
1049 833 1055 878 ;
1066 815 1111 871 sed
1125 827 1277 880 eorrtcmpto
1290 817 1422 884 Baptistae
1435 831 1486 870 aon
1503 823 1597 884 potest,
1612 829 1661 870 nee
1671 814 1728 870 ullo

944 885 1022 940 modo
1034 885 1142 941 dicenda
1154 896 1193 940 cst
1206 888 1343 942 conversio
1356 885 1443 941 cordis
1454 885 1486 940 ad
1501 885 1592 948 Dettrn,
1607 883 1666 940 eam
1680 884 1730 940 oei

943 965 1134 1011 sacramentum
1147 957 1334 1012 contemnitur.
1347 959 1414 1012 hicce
1427 956 1469 1013 hie
1481 955 1562 1010 trahes
1576 971 1628 1012 non
1640 955 1727 1010 saldra

944 1027 1102 1094 passionem.
1114 1027 1159 1082 sed
1173 1029 1252 1082 etiam
1267 1025 1343 1082 ltdcnt
1359 1035 1385 1081 et
1400 1026 1584 1082 contritionem
1604 1025 1727 1080 conterre

943 1097 1136 1158 remissionem,
1152 1098 1195 1152 uhi
1215 1111 1266 1151 nan
1280 1096 1458 1151 enrtmmuitur
1476 1101 1680 1158 sacramentnm,
1698 1101 1728 1149 at

943 1165 969 1220 in
984 1165 1085 1222 latrone
1100 1166 1147 1222 illo
1161 1167 1316 1233 ostenditur,
1326 1167 1371 1236 qui
1384 1182 1435 1220 nau
1451 1165 1668 1234 perpessionem,
1679 1163 1729 1220 setl
1825 1213 1826 1218 ,

944 1249 990 1303 per
1002 1235 1080 1290 ddeat
1094 1237 1209 1290 salvatas
1219 1246 1259 1292 est
1269 1237 1325 1292 sine
1341 1237 1483 1304 Baqrtismn.
1497 1234 1548 1292 Sed
1567 1234 1657 1289 dicunt
1687 1233 1729 1288 ui-

942 1305 1002 1359 darn
1017 1305 1067 1360 luae
1081 1309 1238 1361 retractasse
1251 1305 1437 1376 Augustinmn.
1450 1250 1727 1375 ltetraetauitqttidcnt

942 1377 1106 1446 exemplum,
1122 1377 1147 1430 itt
1162 1377 1207 1430 lih.
1220 1378 1237 1432 2
1252 1378 1377 1442 listram..
1391 1392 1417 1431 e.
1432 1376 1475 1440 ts,
1489 1375 1534 1430 sed
1551 1390 1602 1430 nou
1617 1381 1726 1430 senten-

944 1445 1016 1498 tiam.
1026 1447 1068 1500 dit
1078 1447 1146 1500 raim
1158 1447 1184 1502 ia
1197 1447 1243 1502 lih.
1257 1449 1292 1502 l:
1304 1447 1370 1502 Chut
1381 1447 1495 1502 dicerem
1507 1447 1590 1502 tieem
1601 1441 1729 1526 Baptismi

943 1529 1021 1582 posse
1036 1517 1132 1572 innitere
1142 1517 1299 1584 passionem,
1308 1517 1432 1572 nonsatis
1441 1515 1562 1572 idoneum
1576 1530 1648 1584 posui
1657 1513 1730 1569 illius

944 1585 1052 1638 latronis
1064 1587 1229 1657 exemplumt
1244 1588 1303 1657 quia
1317 1588 1403 1642 utritm
1417 1603 1468 1641 uon
1481 1585 1557 1642 luerit
1567 1585 1726 1653 baptizatus,

943 1653 1071 1710 incertum
1083 1669 1132 1710 est.
1144 1659 1251 1712 Constat
1264 1657 1391 1726 ergnsinc
1400 1652 1729 1726 Baptismnaliquosjustl·

944 1723 1015 1778 ltcari
1026 1737 1052 1780 et
1063 1725 1158 1782 salvari
1168 1744 1175 1792 ;
1187 1726 1257 1782 unde
1266 1727 1342 1780 drtth.
1350 1726 1384 1782 de
1399 1725 1596 1782 Valentiniano:
1612 1723 1738 1778 Vniuers-

943 1810 1025 1848 naam
1044 1795 1133 1860 doleo,
1160 1809 1188 1852 ut
1207 1796 1362 1866 tintpltetico
1374 1806 1433 1850 utar
1444 1796 1559 1863 eloquio,
1574 1795 1634 1876 quia
1647 1807 1729 1864 quem

944 1865 1329 1933 repetieraturaseram,amisi;
1340 1865 1519 1922 terittutameu
1528 1871 1639 1935 gratiam
1646 1875 1728 1934 quam

944 1933 989 1988 ille
1004 1938 1132 2007 puposcit,
1149 1953 1200 1992 tran
1214 1937 1311 1990 arttisit.

1102 2007 1164 2072 Quae
1183 2006 1412 2061 rummandum
1431 2005 1568 2075 praedictis.

979 2073 1005 2130 5.
1026 2075 1072 2130 llis
1087 2087 1173 2130 audem
1187 2077 1290 2130 ridetur
1302 2075 1408 2131 ohriare
1420 2074 1489 2144 quud
1506 2073 1632 2129 llumimts
1645 2071 1728 2139 dida,

943 2143 1019 2200 loarr.
1037 2143 1143 2199 thaha
1157 2147 1212 2212 qrdt
1229 2155 1332 2200 renatus
1351 2147 1426 2212 [uerit
1445 2161 1476 2200 ex
1496 2145 1562 2214 aqud
1581 2153 1606 2198 el
1627 2142 1728 2212 Spiritu

944 2225 1040 2280 sntrcto,
1054 2233 1103 2268 arou
1115 2225 1192 2284 potest
1212 2217 1305 2269 latrare
1317 2217 1343 2269 in
1354 2232 1459 2340 requam
1469 2216 1604 2280 celorum,
1618 2213 1689 2280 quud
1704 2213 1731 2270 si

943 2287 1100 2354 gotteratliler
1113 2303 1201 2339 aeritur
1215 2296 1272 2350 est,
1287 2303 1338 2342 hou
1353 2288 1376 2340 ui
1397 2295 1473 2341 turtur
1490 2300 1549 2340 esse
1568 2298 1632 2342 rem,
1647 2297 1728 2352 supe·

944 2355 998 2408 rius
1014 2357 1106 2423 imsitu.
1128 2355 1180 2410 Sed
1202 2356 1262 2410 illud
1287 2354 1483 2427 intelligendum
1506 2363 1547 2410 est
1567 2353 1600 2410 de
1622 2351 1731 2423 illisqui

943 2432 1053 2493 pussant
1065 2435 1091 2480 et
1101 2435 1271 2480 corderuumtt
1282 2427 1416 2494 haptirari,
1429 2424 1476 2480 ud
1486 2428 1518 2480 ita
1530 2423 1730 2493 intelligendum

945 2501 1002 2558 est,
1019 2496 1067 2548 uisi
1079 2497 1134 2564 quir
1153 2505 1253 2550 rectatur
1273 2497 1349 2568 [uerit
1360 2513 1390 2550 en
1402 2497 1469 2562 aqud
1481 2504 1503 2550 et
1519 2493 1617 2560 Spiritu
1629 2500 1727 2559 amicto,

945 2563 1038 2631 idest,
1052 2579 1081 2619 et
1098 2569 1129 2620 eh
1143 2567 1340 2635 regeneratiune
1352 2583 1410 2636 qma
1424 2567 1452 2619 lit
1467 2581 1512 2635 per
1526 2579 1620 2634 aquarn
1632 2571 1659 2618 et
1668 2562 1730 2630 Spi-

946 2635 1024 2688 ritum
1036 2645 1166 2701 sanctum,
1180 2651 1230 2692 noa
1242 2637 1391 2690 sah-ahitar.
1407 2637 1451 2690 llla
1465 2642 1551 2689 autem
1563 2633 1729 2704 regeneratio

947 2703 974 2757 ht
988 2721 1038 2758 rroa
1055 2707 1154 2759 mittam
1168 2721 1215 2776 per
1230 2707 1404 2773 laudismnnt,
1418 2705 1463 2760 scd
1485 2707 1563 2759 etiam
1586 2719 1632 2773 pcr
1650 2703 1732 2772 poetti·

947 2777 1053 2828 tentiam
1064 2785 1091 2830 et
1100 2777 1264 2845 sauguinem.
1276 2773 1352 2831 liade
1362 2777 1504 2830 summitas
1513 2775 1587 2838 dicit,
1596 2772 1655 2829 ided
1663 2774 1729 2843 Apo·

945 2845 1041 2898 stolum
1056 2845 1192 2914 pluraliter
1202 2846 1300 2900 dixisse
1315 2843 1512 2900 lrrrrdameatum
1526 2845 1728 2913 baptismatum,

945 2915 1005 2981 qaia
1019 2924 1059 2969 est
1072 2915 1217 2986 huptisutus
1231 2916 1256 2970 itt
1272 2917 1356 2986 aqud,
1372 2918 1397 2970 in
1410 2915 1584 2985 sanguinein
1601 2914 1731 2984 perdica-

946 2985 990 3036 til.
1016 2985 1069 3038 llue
1091 2995 1178 3040 niumm
1199 3001 1251 3040 nou
1274 2987 1333 3040 ideo
1346 2987 1425 3048 dicit,
1443 2984 1514 3054 ttrrdd
1535 2992 1732 3038 sacrarmatmn

947 3053 1072 3122 ltaptismi
1093 3055 1137 3108 liat
1157 3057 1206 3109 uisi
1221 3056 1343 3125 tanqua,
1360 3055 1405 3108 sed
1420 3055 1480 3122 cruia
1496 3054 1577 3125 ipsius
1595 3055 1689 3118 uirtus,
1704 3051 1732 3108 td

946 3133 996 3183 est.
1011 3125 1191 3190 machinatio,
1204 3125 1281 3178 datur
1295 3142 1345 3180 ntra
1360 3124 1439 3180 rttrtdd
1449 3140 1495 3196 per
1505 3139 1610 3192 aquam,
1624 3121 1670 3178 sed
1684 3137 1732 3190 per

946 3197 1100 3263 sanguinem
1126 3197 1167 3250 rel
1191 3196 1369 3261 timuitcndam
1400 3195 1519 3250 interids.
1549 3193 1626 3248 Ratio
1651 3191 1732 3248 ctiam

947 3263 972 3316 id
987 3263 1089 3319 suadet.
1105 3263 1132 3319 st
1147 3265 1216 3320 enim
1238 3280 1289 3318 tacta
1314 3266 1461 3320 ualentibus
1484 3263 1592 3318 credere
1616 3262 1733 3332 parvulis

947 3333 1042 3388 sut'hcit
1063 3335 1228 3404 Baptisutus,
1243 3334 1324 3390 maltd
1339 3337 1423 3404 tnagis
1436 3333 1532 3388 suflicit
1552 3333 1617 3388 lldcs
1635 3331 1734 3390 adultis

947 3403 1109 3466 roleutibos.
1124 3405 1170 3459 sed
1185 3421 1238 3460 aaa
1253 3406 1399 3460 ualerttihas
1412 3405 1536 3474 haptizari
1547 3420 1555 3468 ;
1568 3403 1637 3460 uude
1651 3404 1732 3473 huga

947 3471 1048 3542 Quaeris
1061 3476 1123 3545 quid
1133 3476 1167 3530 sit
1182 3475 1275 3544 ratajus,
1289 3475 1353 3531 tides
1364 3491 1396 3528 aa
1407 3475 1492 3546 aqua?
1504 3490 1555 3529 tren
1567 3473 1732 3542 dubitoquiu

946 3544 1131 3613 respondeam,
1143 3545 1216 3600 hdes.
1229 3545 1256 3600 Si
1266 3561 1329 3616 erqo
1340 3544 1410 3616 truod
1422 3546 1507 3600 tttittus
1517 3553 1559 3602 est
1567 3542 1734 3600 sattetidcare

947 3623 1043 3683 potest,
1055 3631 1141 3670 nautae
1149 3615 1218 3684 qtrod
1232 3616 1315 3684 turaias
1323 3625 1373 3680 cst,
1382 3615 1462 3679 idest,
1470 3613 1545 3679 tides,
1556 3610 1733 3684 dequaChri·

947 3685 1055 3738 slttsait:
1065 3684 1279 3750 Quicrediderr'tt'n
1287 3703 1334 3752 me,
1342 3683 1734 3755 etiumsinrot·tttusftttrit,aieel.

947 3753 999 3810 Sed
1012 3755 1102 3810 dicuat
1110 3756 1199 3826 aliqui,
1209 3755 1310 3810 nullum
1319 3755 1436 3810 adultum
1446 3757 1471 3810 in
1479 3754 1613 3809 Cluisttun
1624 3753 1736 3808 credere

947 3824 988 3878 vel
1001 3826 1156 3881 elauitatem
1173 3827 1269 3880 harhcre
1281 3829 1338 3881 siue
1352 3826 1496 3895 baptismo,
1511 3825 1560 3879 nisi
1577 3823 1735 3894 sanguinem

948 3893 1040 3950 laudat
1056 3911 1102 3962 pro
1118 3897 1237 3959 ltoruiun,
1250 3895 1351 3950 sahdita
1363 3895 1559 3950 introducentes
1572 3893 1733 3948 testimonia.

948 3967 1028 4035 dap,
1046 3965 1090 4019 tlh.
1106 3966 1139 4020 de
1151 3965 1215 4020 Fide
1230 3965 1261 4019 ad
1276 3965 1426 4030 Petrum,e.
1442 3965 1469 4029 5,
1486 3966 1522 4018 ait
1534 3982 1540 4016 :
1553 3962 1593 4018 Ex
1605 3963 1650 4022 illo
1663 3971 1734 4018 tem·

948 4049 1077 4104 porequo
1090 4035 1211 4090 Saltator
1222 4035 1302 4088 dixit:
1317 4033 1375 4088 Nisi
1386 4034 1441 4097 artis
1456 4043 1557 4088 remitae
1572 4033 1659 4101 suerit,
1668 4040 1733 4098 ete..

947 4105 1048 4186 ahsque
1061 4112 1226 4160 sacramenta
1242 4104 1378 4172 ltaptisrui,
1395 4111 1491 4226 qracter
1502 4103 1560 4184 ejus
1573 4102 1618 4172 qui
1634 4101 1660 4154 ia
1679 4101 1734 4156 Ee-

948 4174 1030 4228 elesii
1054 4176 1206 4244 sartguiacm
1229 4173 1357 4238 tundunt,
1381 4172 1415 4224 ai
1435 4173 1475 4226 uis
1500 4181 1580 4228 urtam
1605 4178 1734 4226 attentata

948 4243 1068 4312 accipere
1091 4261 1142 4298 uau
1166 4253 1259 4310 potest.
1284 4245 1346 4296 ltem
1364 4267 1370 4295 ι
1386 4189 1492 4296 Ntiilam
1515 4239 1735 4298 cateelmmeuum

948 4316 1068 4383 quamuis
1081 4315 1106 4367 in
1120 4315 1195 4368 honis
1204 4313 1328 4380 oper-ihus
1339 4311 1502 4370 detaucturn.
1513 4312 1594 4366 ritant
1605 4319 1734 4366 attentam

949 4383 1047 4437 haltere
1059 4383 1206 4446 crediums,
1221 4392 1330 4450 exceptu
1351 4383 1493 4454 rttartytio,
1508 4381 1551 4436 uhi
1572 4389 1624 4436 lota
1644 4395 1736 4437 saera-

949 4463 1037 4507 mcttta
1051 4453 1176 4520 ltuptismi
1190 4453 1364 4522 conpleatur.
1380 4451 1443 4506 ltem
1453 4495 1460 4515 ‚
1472 4452 1506 4507 de
1520 4453 1611 4522 hegin.
1626 4451 1736 4522 eoeles,

948 4537 973 4577 e.
990 4523 1023 4578 l:
1037 4523 1179 4592 ltapthads
1200 4525 1249 4577 itcr
1273 4523 1373 4576 taruhm
1396 4523 1489 4577 salutis
1510 4537 1568 4578 esse
1589 4519 1735 4577 credimus.

949 4591 1002 4648 Sed
1017 4593 1124 4662 quindiu
1139 4595 1179 4645 his
1194 4593 1281 4648 ruinas
1294 4593 1374 4656 dixit,
1392 4593 1417 4646 in
1437 4591 1495 4648 aliis
1515 4591 1636 4660 capitalis
1655 4605 1737 4662 supra

949 4665 1042 4744 positis
1053 4663 1192 4732 supplerit.
1203 4663 1236 4717 Et
1243 4661 1303 4718 ideo
1312 4663 1368 4716 laec
1381 4662 1419 4718 stc
1432 4661 1602 4732 intelligenda
1617 4670 1677 4716 suut
1687 4702 1695 4728 ,
1707 4670 1738 4716 ut

950 4733 986 4786 tlli
1007 4733 1057 4787 soli
1080 4733 1207 4787 trahentes
1223 4741 1327 4800 tempus
1347 4731 1497 4800 baptizandi
1519 4732 1700 4801 excipiantur:
1713 4730 1738 4786 si

950 4803 1020 4856 enim
1034 4803 1128 4872 aliquis
1144 4802 1243 4856 hahens
1264 4800 1341 4856 iidem
1355 4809 1382 4855 et
1393 4803 1549 4858 elteritatem
1563 4800 1671 4856 caruerit
1688 4799 1737 4854 ha·

951 4873 1060 4940 ptizari,
1078 4882 1105 4927 et
1126 4889 1177 4926 arou
1199 4871 1269 4925 valet
1289 4872 1445 4926 necessitate
1460 4879 1619 4938 praetentus,
1632 4870 1740 4938 supplet

951 4941 1144 5010 Omnipoteatis
1168 4941 1314 5012 ltcaignitas
1333 4941 1402 5009 tuttod
1422 4949 1588 4996 sacramento
1606 4940 1735 4996 doluerat.

951 5011 1018 5066 llhm
1038 5014 1107 5066 enirn
1129 5011 1233 5067 soluere
1255 5019 1358 5080 potest,
1373 5010 1422 5074 nisi
1442 5011 1542 5074 solvat,
1559 5018 1674 5078 tenetur,
1689 5007 1737 5064 sed

951 5081 1021 5152 qtrod
1034 5081 1088 5151 jam
1107 5095 1157 5135 uon
1179 5087 1267 5150 potest
1285 5090 1312 5135 et
1326 5090 1413 5135 tamen
1427 5081 1499 5143 vah,
1514 5095 1566 5134 arm
1586 5081 1698 5148 imrtutat
1710 5078 1738 5134 ei

954 5151 1032 5213 heus,
1046 5151 1090 5220 qui
1102 5167 1176 5206 suam
1193 5152 1334 5272 salerniam
1353 5152 1524 5206 sacramentis
1540 5164 1592 5204 nnn
1610 5149 1738 5218 alligauit.

952 5221 1028 5287 Quod
1039 5220 1101 5276 tero
1114 5221 1188 5275 inuisi
1200 5221 1250 5274 tilis
1263 5221 1436 5275 sinetilicatiu
1459 5222 1515 5274 siue
1536 5219 1632 5274 uisihili
1650 5231 1741 5273 saera·

952 5299 1042 5344 merito
1056 5291 1213 5360 quihasdum
1227 5291 1298 5356 insit,
1315 5289 1406 5360 aperte
1421 5292 1487 5360 hag,
1504 5289 1583 5343 tradit
1597 5303 1676 5356 super
1689 5286 1751 5344 te*

954 5363 1012 5424 rit,
1035 5361 1126 5414 diceus
1148 5361 1304 5416 insisthilcm
1325 5359 1559 5414 sanctificationem
1579 5357 1739 5427 quibusdam

953 5429 1059 5486 alluisse
1073 5444 1098 5485 et
1111 5429 1240 5499 proluissa
1255 5432 1313 5485 sine
1327 5429 1473 5483 visibilibus
1492 5427 1673 5482 sacramentis.
1691 5425 1742 5482 ut-

954 5501 1057 5556 sihilera
1071 5499 1134 5556 verti
1145 5500 1378 5554 sanctificationem
1389 5539 1396 5560 ‚
1408 5513 1466 5565 riute
1480 5497 1510 5552 ht
1523 5507 1689 5552 sacrtaneuto
1698 5496 1748 5552 us

955 5570 1022 5625 sihili
1038 5572 1095 5626 siue
1105 5570 1238 5634 iarisihiti,
1248 5585 1325 5640 posse
1335 5568 1437 5632 adesse,
1450 5583 1501 5622 {mu
1512 5581 1590 5637 posse
1601 5567 1737 5638 pardesse,

955 5655 1004 5696 nee
1019 5651 1105 5697 murtea
1121 5641 1224 5695 risibile
1235 5646 1429 5694 sacramentum
1444 5637 1503 5693 tuce
1512 5637 1738 5696 contemnendum

955 5719 1005 5777 est,
1017 5715 1077 5781 cruia
1091 5719 1256 5779 contemptor
1265 5709 1322 5778 ejus
1335 5707 1501 5763 invisibiliter
1513 5707 1671 5764 sauctitleari
1683 5721 1739 5767 noa

957 5791 1052 5850 potest.
1070 5781 1134 5836 ltine
1146 5779 1283 5836 Contelius
1298 5787 1324 5834 et
1333 5779 1378 5851 qui
1390 5792 1452 5836 euut
1466 5793 1498 5838 eo
1510 5788 1600 5850 emat,
1614 5779 1668 5850 iam
1679 5777 1743 5848 Sptv
