4008 6346
118 305 180 364 ses
432 261 990 379 oonsrnrnssosnnnrncrronn
1008 297 1541 372 inccnncnssncnrnnne
1738 309 1791 374 ee

116 419 240 484 barno
257 423 639 504 qnamleqelmsunm
648 415 957 484 beatitudincmme·
1048 417 1081 478 3.
1100 417 1269 489 Preterea,
1286 417 1370 480 inter
1381 415 1520 483 multdm
1534 419 1683 488 distantia
1743 445 1796 492 or-

117 493 295 566 meeint,
528 567 530 578 Ι
1009 495 1054 560 tet
1068 513 1138 558 esse
1152 490 1253 558 multa
1268 497 1382 560 media.
1398 483 1458 558 sed
1474 501 1576 562 status
1590 497 1711 568 beatitn
1734 509 1794 578 inis

162 579 214 642 Et
241 577 280 644 si
313 580 446 663 quidem
470 576 614 661 Angelus
642 573 676 640 in
698 562 803 658 gratia
825 572 953 638 creatum
1008 573 1206 656 Angelorum
1220 571 1356 636 multdm
1368 571 1589 642 distatdstatu
1605 585 1730 648 nature
1739 599 1797 650 co-

117 655 214 738 tuit,
243 663 338 726 sinc
406 659 428 728 d
448 662 576 724 nullum
589 661 639 722 cst
651 655 818 730 meritum,
832 652 956 734 absque
1008 671 1101 716 rum:
1118 651 1257 716 medinm
1271 655 1380 716 autem
1391 651 1473 718 inter
1486 659 1659 738 utrumque
1674 669 1796 728 estme-

118 737 350 806 diffieultate
386 743 470 805 icere
492 755 663 820 possumus
678 733 869 814 qubdsuam
882 731 958 796 bea-
1008 731 1117 794 ritum.
1131 730 1279 812 Oportuit
1292 733 1389 814 igitur
1402 735 1488 814 qudd
1502 755 1558 815 per
1568 739 1796 808 multamnriia

118 817 336 885 titudinem
344 821 515 894 meruerit;
530 821 562 880 et
575 815 723 880 similiter
737 813 764 876 si
779 807 854 892 quis
869 807 957 876 dioe-
1008 813 1058 874 An
1082 812 1150 874 elus
1163 809 1203 874 ad
1213 811 1439 876 beatitudinem
1453 815 1644 892 perveniret.

117 900 177 958 ret
212 899 330 987 qnod
352 899 629 980 qualitercumque
650 893 787 974 gratiam
808 891 957 952 habuerit
1070 888 1106 952 ed
1125 893 1247 964 contra,
1266 889 1373 955 anima
1388 891 1526 955 bominis
1541 898 1572 957 et
1589 896 1730 977 Angelus
1745 901 1797 964 si-

119 977 341 1056 antequam
356 978 506 1058 gloriam.
520 973 552 1038 Si
579 973 657 1038 verb
670 970 806 1052 gratim
819 987 884 1030 uon
899 969 956 1030 ha·
1007 968 1125 1032 militer
1133 969 1172 1032 ad
1181 970 1409 1034 beatitudinem
1419 973 1621 1050 ordinantur;
1629 979 1713 1041 unde
1721 997 1795 1042 san·

119 1055 206 1118 buit
224 1055 425 1138 antequam
439 1057 523 1132 esset
539 1053 666 1128 mains,
684 1051 730 1113 sic
751 1045 879 1130 oportet
901 1047 956 1110 di·
1008 1048 1065 1112 ctis
1090 1048 1285 1132 promittitur
1311 1049 1476 1128 {equalitas
1498 1049 1706 1134 Angelorum.
1735 1059 1795 1120 Sed

121 1153 215 1198 cern
249 1130 354 1215 quod
368 1133 599 1200 beatitudinem
619 1132 742 1209 absque
763 1127 877 1190 merito
890 1125 956 1188 ba-
1007 1123 1294 1206 animadcorpore
1310 1131 1470 1208 separata,
1482 1131 1508 1194 si
1520 1120 1636 1196 babeat
1645 1135 1794 1200 meritum

120 1213 234 1288 buit,
272 1217 455 1286 sicut,nos
481 1211 639 1294 gratiam
663 1204 750 1286 qnod
774 1207 882 1269 tamen
907 1207 956 1268 est
1007 1200 1228 1277 beatitudinis,
1251 1206 1602 1274 statimbeotitudincm
1618 1217 1796 1294 consequi-

122 1300 272 1358 coutra
292 1295 455 1356 rationem
469 1284 689 1362 beatitudinis,
704 1301 778 1364 qne
792 1277 891 1346 babet
902 1300 955 1348 ra·
1007 1285 1071 1357 tur,
1088 1283 1149 1346 nisi
1166 1283 1253 1346 aliud
1268 1283 1308 1346 sit
1328 1285 1371 1345 im
1396 1282 1599 1352 elimentum.
1619 1289 1705 1372 Ergo
1725 1297 1794 1375 pari

122 1373 281 1434 tionem
313 1373 407 1447 linis,
432 1375 465 1436 ct
491 1373 539 1432 cst
552 1367 720 1460 premium
746 1357 892 1432 virtutis,
919 1365 956 1426 nt
1007 1363 1131 1426 ratione
1146 1365 1177 1424 et
1192 1363 1345 1442 Angelus.
1404 1363 1543 1430 datatim
1558 1369 1590 1432 in
1627 1372 1707 1432 rinno
1720 1380 1795 1436 netu

124 1451 247 1514 etiam
264 1449 487 1529 Philosophus
499 1446 619 1510 dicrtin
631 1433 772 1514 lucin..
785 1441 849 1506 art.
859 1437 890 1534 tt,
900 1441 956 1504 eir·
1007 1434 1173 1536 charitatis
1189 1435 1301 1504 babuit
1313 1443 1463 1506 meritum
1477 1389 1695 1512 beatituiinis.
1710 1434 1795 1542 Ergo

125 1546 170 1592 ca
188 1531 383 1609 prinnllel
397 1531 524 1606 oportet
537 1522 643 1586 dicero
662 1518 867 1612 qudddpgelr
880 1538 956 1583 me·
1007 1515 1080 1582 crim
1095 1537 1128 1581 ru
1141 1538 1181 1582 eo
1192 1535 1259 1582 non
1278 1523 1362 1582 essct
1378 1523 1508 1602 aliquod
1522 1525 1793 1606 impedimentum,

125 1613 273 1670 rentur
299 1609 530 1671 beatitudinem
555 1619 670 1682 porea
691 1618 763 1678 quar
784 1615 850 1690 paru
870 1599 954 1690 beati
1007 1597 1114 1660 statim
1134 1595 1173 1660 ad
1192 1595 1419 1662 beatitudinem
1443 1607 1590 1682 pervenit
1611 1625 1669 1688 per
1690 1606 1795 1672 solum
1860 1651 1865 1664 .

127 1692 344 1766 operantur
356 1689 392 1766 in
401 1685 519 1748 divinis
533 1680 732 1753 ministeriis,
743 1677 843 1740 utalrr
858 1674 956 1739 drxe-
1006 1695 1111 1740 unum
1125 1681 1230 1756 actum
1247 1678 1458 1742 meritorium.

127 1771 247 1837 rnnt3
269 1767 362 1846 quod
376 1769 485 1840 nmen
499 1765 550 1826 cet
568 1752 681 1823 contra
700 1757 861 1820 rationem
882 1775 955 1820 me-
1046 1755 1234 1834 llespondeo
1259 1755 1428 1820 dicendum
1448 1757 1533 1838 quod
1559 1763 1701 1844 Angelus
1723 1770 1796 1846 post

129 1843 212 1906 riti.
231 1845 329 1908 Nam
342 1843 493 1910 meritum
508 1841 607 1902 babet
618 1839 776 1900 rationem
790 1835 850 1898 vie
863 1833 903 1898 ad
915 1833 956 1896 fi·
1006 1835 1147 1914 primum
1160 1836 1265 1901 aetum
1286 1830 1464 1912 charitatis,
1481 1857 1547 1918 quo
1569 1841 1795 1908 beatitudinem

131 1939 255 1998 nemu
280 1925 312 1986 ei
329 1927 437 1988 autern
452 1919 509 2000 qui
528 1920 594 2000 jam
609 1919 657 1980 cst
671 1912 874 1988 intermino,
889 1930 954 1976 non
1007 1915 1134 1988 meruit,
1150 1915 1257 1976 statim
1270 1907 1382 1977 beatus
1394 1915 1462 1978 luit.

135 2003 316 2064 convenit
330 1999 452 2064 moveri
471 1999 511 2062 ad
526 1995 720 2068 terminum,
732 1997 764 2055 et
781 1992 827 2054 sic
845 1990 954 2055 nullus
1046 1991 1144 2074 Cujus
1166 1994 1250 2056 ratio
1271 1997 1319 2054 est
1342 1995 1419 2072 quia
1437 1997 1540 2076 gratia
1559 1999 1683 2078 perlicit
1701 1998 1796 2064 natu·

134 2089 307 2146 meretur
323 2080 409 2160 quod
423 2079 491 2159 jam
507 2077 615 2142 habet.
639 2073 698 2134 Vel
713 2075 838 2152 oportet
850 2070 955 2134 dicere
1006 2082 1077 2132 ram
1089 2069 1263 2134 serundbm
1273 2067 1401 2134 modum
1410 2077 1544 2150 nature,
1556 2074 1638 2140 sicut
1648 2083 1679 2142 et
1691 2083 1794 2144 omnis

137 2160 246 2236 qnod
279 2178 364 2226 unns
387 2163 420 2222 et
443 2151 528 2220 idem
552 2157 644 2219 anus
675 2149 896 2214 conversionis
921 2151 954 2212 in
1007 2149 1159 2228 perfectio
1179 2151 1243 2211 reci
1268 2149 1333 2214 itur
1353 2151 1386 2212 iu
1407 2150 1594 2231 perfectibili
1619 2159 1795 2224 secundnm

138 2237 279 2312 Deum,
298 2239 499 2316 inquantum
514 2230 564 2296 est
577 2237 619 2294 cx
633 2230 735 2294 libero
747 2227 892 2304 arbitrio,
905 2232 954 2292 est
1006 2227 1225 2308 modumcjus.
1235 2169 1291 2292 list
1300 2233 1407 2298 auteur
1419 2231 1480 2294 lroc
1493 2251 1551 2312 pro
1575 2235 1659 2298 rium
1672 2241 1795 2302 naturas

140 2317 371 2390 meritorium
389 2319 419 2378 et
442 2315 476 2377 iu
497 2315 657 2392 quantum
682 2308 787 2390 pertin
812 2307 835 2371 ιι
855 2307 900 2399 ad
911 2304 956 2368 ti-
1005 2307 1158 2386 angelice
1182 2307 1266 2388 qudd
1290 2309 1469 2372 naturalem
1490 2253 1795 2392 mrpectioncmnon

141 2412 233 2458 nem
248 2443 258 2470 ,
276 2401 327 2460 est
340 2395 448 2458 irnitio
472 2395 576 2456 beata.
590 2387 650 2452 Sed
667 2405 773 2480 neque
786 2327 955 2478 boeotiam
1006 2401 1064 2526 per
1079 2385 1258 2448 discursum
1278 2387 1441 2480 acquirat,
1464 2387 1519 2452 sed
1540 2396 1646 2456 statim
1662 2414 1719 2476 per
1735 2413 1798 2460 na-

143 2473 293 2540 ridetur
308 2493 377 2539 csse
391 2471 587 2548 conveniens
601 2513 609 2544 ‚
623 2485 700 2546 qura
715 2467 852 2528 lrberurn
867 2465 957 2528 arbr-
1020 2480 1113 2528 uram
1127 2463 1255 2540 habeat,
1270 2467 1353 2528 sicut
1367 2485 1467 2548 supra
1479 2471 1643 2534 ostensum
1657 2477 1717 2548 est,
1733 2479 1794 2540 art.

143 2555 265 2618 nium
276 2558 406 2618 nonest
427 2547 589 2614 sniirciens
617 2563 716 2608 causa
730 2543 834 2608 meriti
846 2565 856 2618 ;
870 2543 955 2609 unde
1007 2540 1023 2606 l
1041 2543 1136 2624 hujus
1153 2560 1225 2622 qu„
1238 2548 1269 2606 et
1285 2557 1340 2622 qu.
1354 2540 1407 2628 ¹58,
1423 2550 1484 2610 art.
1503 2545 1567 2612 det
1586 2538 1615 2611 d.
1634 2545 1720 2616 Sicut
1734 2571 1797 2618 au-

147 2639 257 2698 ectus
270 2651 339 2696 non
354 2635 458 2713 potest
472 2646 542 2694 csse
557 2622 761 2716 meritorius,
779 2617 956 2686 secundino
1008 2625 1070 2684 tem
1084 2636 1123 2684 ex
1135 2622 1194 2685 sua
1208 2622 1325 2686 natura
1339 2624 1480 2704 Angelus
1494 2618 1590 2690 babet
1599 2629 1742 2694 ordinem
1755 2635 1797 2698 ad

147 2713 251 2792 qnod
268 2717 318 2775 cst
332 2731 373 2774 ex
385 2711 487 2772 libero
500 2705 652 2778 arbitrio,
673 2705 735 2764 uisr
748 2719 782 2763 ιιι
797 2704 955 2780 quantum
1007 2699 1233 2782 perlectionem
1249 2704 1440 2776 naturalem,
1456 2705 1502 2768 ita
1513 2723 1555 2768 cx
1566 2709 1680 2772 merito
1700 2707 1797 2775 babet

150 2797 207 2866 est
266 2790 547 2856 auaintormatns.
568 2785 639 2846 lton
655 2780 874 2846 autemstmul
892 2797 956 2858 po-
1007 2779 1151 2843 ordinem
1166 2780 1205 2842 ad
1224 2779 1377 2857 gloriam3
1393 2783 1480 2845 etita
1497 2783 1601 2847 statim
1617 2790 1797 2868 postmeri-

150 2856 803 2947 tcstrniormarigratibinrperiectb,qun
813 2860 956 2940 estprin·
1007 2854 1074 2920 ium
1089 2854 1121 2920 in
1140 2856 1263 2938 lugeto
1278 2859 1337 2920 luit
1354 2862 1513 2924 beatitudo
1526 2867 1709 2930 consecuta.
1727 2863 1797 2932 lle-

148 2951 288 3029 .cipium
307 2947 468 3020 merendi,
484 2949 516 3008 et
530 2939 636 3084 ἳιιιι
649 2932 802 3030 perlecti,
817 2955 888 3018 que
908 2942 957 3000 est
1007 2935 1105 3000 ritum
1120 2939 1227 3030 autern
1248 2939 1452 3030 beatitudinis
1475 2959 1541 3004 non
1558 2940 1663 3006 solirm
1677 2945 1710 3008 in
1727 2947 1797 3010 iln-

153 3028 361 3108 principin
385 3023 524 3088 irnendi.
545 3096 547 3098 ¹
569 3020 629 3082 nde
650 3037 716 3082 nou
740 3010 957 3082 videturesse
1008 3011 1091 3098 gele,
1103 3009 1264 3078 sedetiam
1276 3017 1645 3100 inhomineessepotcst
1678 3029 1797 3090 eruni-

155 3107 321 3188 possibile
332 3105 416 3186 qudd
430 3099 820 3173 simulirnatur,etsnam
833 3094 956 3158 irnitio·
1008 3110 1080 3156 eum
1104 3099 1210 3157 actum
1236 3114 1243 3154 ι
1271 3097 1347 3173 quia
1372 3097 1515 3190 quolibet
1546 3043 1797 3169 necuciantes

157 3203 242 3252 um
254 3191 430 3248 mereatur.
1007 3173 1178 3238 informato
1191 3174 1287 3236 homo
1301 3175 1527 3239 beatrtudinem
1541 3186 1693 3244 meretur.
1709 3179 1797 3248 tlndo

202 3267 247 3328 Et
260 3265 334 3328 ided
347 3259 461 3326 nrcliirs
477 3257 646 3324 dicendrnn
663 3259 712 3319 est
725 3247 812 3332 qnod
821 3253 957 3334 gratiam
1007 3251 1201 3330 relinquitur
1226 3251 1312 3332 quod
1336 3255 1442 3318 statim
1475 3259 1548 3335 post
1567 3275 1669 3322 unum
1689 3266 1797 3328 actuum

159 3343 281 3410 babuit
297 3341 439 3436 Angelus
454 3331 627 3428 antequdm
648 3337 733 3398 esset
753 3335 878 3408 beatus,
900 3351 957 3414 per
1007 3331 1163 3470 cbarjtate
1176 3329 1385 3427 informatum
1393 3333 1534 3473 Angelus
1549 3335 1662 3402 beatus
1677 3339 1747 3402 iuit.

161 3441 266 3504 φιαιι
276 3421 505 3487 beatrtudinem
517 3419 645 3478 meruit.
1047 3409 1073 3472 Α
1109 3427 1249 3490 prrmum
1265 3429 1343 3492 ergo
1355 3405 1446 3478 drcen
1468 3428 1524 3476 um
1540 3415 1625 3494 quod
1639 3415 1736 3482 bomo
1749 3440 1798 3484 se-

169 3567 175 3574 ,
205 3503 256 3565 Ad
265 3504 406 3582 primurn
417 3515 495 3582 ergo
506 3492 676 3558 dicendum
687 3481 775 3574 quod
788 3487 956 3554 diidenltns
1008 3485 1148 3552 cundirrn
1161 3506 1252 3554 suam
1267 3497 1416 3555 naturam
1431 3510 1496 3554 non
1514 3493 1619 3558 statim
1634 3501 1729 3564 natus
1749 3507 1799 3566 est

162 3581 250 3645 bend
266 3579 421 3660 operandi
443 3583 510 3642 uon
526 3578 574 3638 est
591 3575 624 3636 in
644 3571 774 3653 Angelis
787 3589 828 3633 ex
847 3569 958 3649 aliqua
1008 3567 1154 3632 nltimam
1169 3564 1402 3708 ⁴perlectionem
1421 3571 1566 3652 adipisci,
1588 3575 1670 3640 sicut
1689 3577 1799 3660 Ange-

165 3661 395 3726 contrarietatc
408 3658 461 3722 vel
473 3653 702 3733 impedimento
721 3648 880 3714 naturalis
895 3649 958 3714 ιιι·
1008 3641 1059 3712 lus
1079 3668 1086 3708 ι
1104 3651 1137 3710 ct
1157 3647 1167 3708 i
1190 3647 1230 3714 cd
1242 3645 1366 3712 bomini
1384 3649 1510 3732 longior
1529 3653 1579 3718 via
1598 3655 1672 3718 data
1693 3661 1744 3720 est
1758 3661 1798 3724 nd

164 3742 258 3815 tutis,
279 3738 390 3802 sodex
404 3737 466 3798 boc
482 3733 567 3814 qudd
584 3749 666 3812 opus
684 3730 816 3810 aliquod
837 3729 958 3792 boumn
1008 3722 1196 3790 merendum
1208 3725 1438 3793 beatitudinem
1452 3729 1550 3810 quarn
1563 3733 1696 3816 bugeio.

167 3823 217 3882 cst
229 3835 329 3898 snpra
343 3817 497 3880 virtutem
511 3816 648 3876 naturae.
1048 3807 1095 3870 Ad
1111 3805 1286 3868 secundum
1307 3802 1476 3872 dicendum
1490 3811 1576 3892 qndd
1592 3813 1735 3955 Angelus
1750 3819 1799 3880 est

208 3898 256 3960 Ad
270 3894 446 3960 secundum
460 3889 628 3954 dicendum
645 3887 732 3968 qnod
749 3884 958 3952 conversione
1010 3903 1107 3964 supra
1125 3891 1250 3965 tempus
1270 3903 1378 3950 rerum
1397 3889 1625 3970 corporalium.
1668 3892 1728 3956 nde
1745 3896 1799 3958 in-

168 3977 310 4048 naturali
333 3979 383 4036 An
406 3973 474 4035 elus
496 3989 563 4032 non
583 3968 700 4030 meruit
715 3967 957 4039 beatitudinem,
1009 3965 1129 4028 stantia
1143 3956 1269 4026 diversa
1283 3965 1316 4025 in
1331 3964 1381 4026 lris
1401 3985 1474 4044 quac
1489 3963 1529 4030 ad
1540 3969 1680 4108 Anffclos
1694 3975 1800 4052 perti-

169 4055 232 4120 ιιι.
242 4071 378 4118 convers
412 4049 735 4126 continuatisque
751 4049 799 4108 est
813 4059 871 4124 per
882 4062 960 4124 gra·
1011 4046 1100 4118 nent,
1119 4055 1183 4104 non
1198 4041 1399 4122 accipiuntur
1410 4043 1472 4120 nisi
1484 4064 1581 4110 secun
1604 4045 1658 4110 dm
1672 4069 1799 4116 succos·

169 4137 259 4200 ‘iam'
1010 4121 1180 4185 sionemin
1195 4119 1800 4208 ipsorumactrbus.Nonautempotuit

210 4211 258 4278 Ad
273 4211 404 4276 tertium
419 4211 507 4290 patet
520 4207 689 4285 responsio
701 4221 742 4264 cx
754 4200 857 4264 dictis.
1010 4201 1105 4264 simul
1116 4199 1146 4260 ln
1157 4199 1377 4262 eisesseactus
1388 4201 1570 4268 meritorius
1581 4205 1798 4286 beatitudinis,

172 4295 352 4358 bennatus
375 4285 577 4354 r.-licrom
600 4281 736 4362 stapelen
759 4281 867 4342 statim
885 4288 960 4359 post
1011 4277 1145 4342 ctaetus
1159 4277 1538 4358 beatitudinis,qulestin
1552 4281 1800 4362 truiuoneedm

201 4379 412 4442 nmmuctom
422 4367 528 4430 meriti
542 4359 927 4428 beatitudincmbabncrit.
1011 4375 1095 4420 unus
1114 4359 1155 4420 sit
1175 4355 1285 4438 gratiae
1304 4357 1515 4456 imperiectio,
1534 4365 1566 4424 et
1587 4363 1670 4430 alius
1690 4368 1800 4447 gratie

211 4451 256 4514 ad
268 4445 418 4529 quintum
430 4447 476 4510 sic
488 4443 681 4524 proceditur.
693 4443 722 4504 1.
731 4441 865 4502 Videtur
875 4437 960 4518 quod
1012 4437 1251 4500 consummatae.
1265 4435 1354 4500 Unde
1368 4435 1563 4534 relinquitur
1578 4443 1664 4524 qudd
1676 4451 1802 4526 oportet

171 4524 314 4624 Angelus
330 4545 395 4592 non
412 4526 519 4590 statim
577 4525 721 4584 stonum
742 4523 848 4582 actum
866 4519 961 4610 meri·
1011 4517 1139 4611 diversa
1153 4515 1306 4611 instantia
1320 4518 1433 4600 accipi,
1451 4538 1484 4582 ιιι
1500 4537 1718 4660 quornmuno
1731 4546 1800 4589 mea

171 4605 524 4672 torrurobcatitudinem
555 4599 866 4666 abuerinltiiiieilius
876 4615 960 4673 emm
1011 4599 1113 4660 ruerrt
1128 4595 1369 4672 beatrtudrnem,
1382 4602 1414 4662 ct
1428 4599 1463 4662 in
1485 4617 1504 4662 a
1519 4601 1550 4662 io
1564 4597 1659 4665 inerit
1674 4605 1799 4669 beatus.

173 4693 221 4754 cst
235 4687 359 4752 homini
377 4682 459 4748 bene
473 4681 600 4760 operari
623 4677 723 4760 qnam
743 4679 877 4757 lingeto.
901 4676 960 4738 Sed
1052 4676 1098 4738 Ad
1111 4677 1240 4738 tertium
1262 4673 1431 4742 dicendum
1446 4674 1531 4758 qudd
1546 4674 1584 4742 de
1601 4681 1718 4746 notari
1731 4685 1802 4746 An-

10 4800 11 4819 .
134 4749 144 4815 3
172 4768 268 4833 bomo
305 4777 371 4830 non
403 4762 589 4844 praemiatur
621 4759 728 4822 statim
756 4761 829 4836 post
860 4773 961 4818 unum
1013 4755 1074 4836 geli
1086 4753 1230 4832 estquod
1243 4755 1351 4816 statim
1369 4771 1462 4819 suam
1479 4756 1706 4838 perlectionem
1717 4779 1802 4826 oon-

173 4852 290 4913 aetum
303 4846 389 4924 Ergo
406 4859 513 4920 neque
528 4839 669 4918 Angelus
1013 4837 1183 4924 sequatur,
1209 4830 1364 4926 adquam
1390 4831 1573 4930 ordinaturj
1595 4841 1626 4900 et
1646 4837 1718 4904 ided
1734 4859 1801 4904 non

210 4927 241 4988 il.
264 4927 435 4996 Preietos,
458 4920 600 5000 Angelus
623 4916 728 4978 stadm
750 4914 784 4976 in
801 4914 961 4992 ⁴principio
1012 4914 1189 4992 requirrtur
1204 4912 1267 4976 nisr
1280 4929 1364 4984 unus
1382 4919 1471 4979 actus
1489 4915 1750 4999 mentorlos,qui
1762 4920 1802 4984 ed

173 5021 239 5072 sna
266 5002 438 5066 creationis
457 5003 489 5062 et
503 5001 537 5062 in
550 4994 683 5059 instanti
700 4997 806 5056 actum
820 4994 961 5070 aliquem
1012 4993 1139 5053 ratione
1159 4987 1298 5052 medium
1319 4987 1381 5054 dici
1400 4987 1515 5074 potest,
1528 4995 1607 5074 quia
1626 4996 1802 5062 secundino

172 5083 292 5148 babere
305 5082 422 5178 potuit,
436 5077 509 5142 ιιιιιι
527 5077 623 5140 etiarn
645 5088 779 5153 corpora
801 5071 962 5134 naturalia
1013 5071 1023 5132 i
1048 5089 1119 5132 sum
1131 5067 1272 5150 Angelus
1285 5065 1567 5136 adbeatiludinenr
1582 5073 1760 5142 ordinatur.

173 5161 292 5242 inipso
308 5159 440 5224 ιιιιιιιιιι
464 5175 531 5220 sun
545 5154 715 5218 creationis
735 5151 858 5216 enveri
875 5151 962 5212 irrei-
1042 5165 1193 5212 arreuuus
1213 5167 1256 5212 ιι.
1267 5183 1305 5194 —·
1316 5149 1343 5213 U
1346 5147 1428 5213 ircim
1442 5149 1554 5232 Aopcii
1566 5153 1631 5216 sins
1644 5158 1802 5222 senecensi·

173 5244 282 5322 piant;
301 5243 332 5304 et
346 5241 372 5302 si
393 5242 500 5301 motus
519 5234 662 5314 corporis
680 5233 713 5294 in
737 5229 870 5301 instanti
891 5245 962 5295 csse
1053 5228 1187 5308 pralium
1205 5235 1233 5290 ct
1256 5227 1390 5308 plurium
1413 5229 1580 5294 sccuadrim
1597 5237 1803 5315 qrcaotitotcm

173 5309 959 5400 posset,sicutoperatiointellectrtsetvoluntatis,
1053 5325 1181 5372 scoram
1195 5308 1397 5372 naturalium.

173 5401 210 5466 in
227 5401 333 5480 prino
355 5397 487 5462 instanti
510 5411 577 5458 succ
597 5391 813 5474 generationis
840 5391 962 5452 motum
1053 5382 1101 5450 ld
1116 5392 1242 5450 sextum
1257 5387 1303 5451 sic
1316 5385 1511 5468 proceditur.
1527 5389 1556 5454 1.
1571 5385 1705 5456 Videtur
1715 5395 1803 5473 qubd

173 5477 339 5544 baberent.
355 5478 388 5542 Si
400 5495 435 5538 er
456 5473 631 5554 oAngclus
654 5488 825 5550 perunum
840 5471 962 5530 motum
1013 5447 1128 5548 dugeli
1138 5485 1204 5560 non
1218 5467 1283 5529 sint
1295 5469 1459 5561 consecuti
1475 5467 1610 5549 gratiam
1624 5477 1656 5534 ct
1667 5469 1803 5554 gloriam

174 5557 425 5625 snarelrnnttr
476 5553 664 5618 atitudinenr
676 5549 845 5620 meruit,in
859 5548 962 5624 primo
1014 5547 1189 5612 secundum
1211 5548 1421 5626 quantitatem
1441 5565 1571 5610 suornm
1593 5551 1802 5632 naturalium.

174 5639 306 5703 instanti
321 5655 387 5702 sure
403 5633 573 5699 creationis
588 5631 705 5694 meruit
721 5627 959 5692 beatitudinem.
1014 5625 1124 5691 Gratia
1132 5627 1268 5689 enimex
1276 5623 1599 5692 meraoeirolumate
1602 5627 1710 5771 fiatur.
1717 5633 1801 5713 Ergo

174 5719 206 5784 Si
220 5736 298 5800 ergo
310 5735 422 5780 corum
434 5712 596 5778 beatitudo
610 5729 675 5771 non
691 5707 882 5781 retardatur,
894 5709 962 5770 sta·
1015 5707 1046 5768 ct
1055 5705 1218 5784 quantitas
1231 5707 1340 5783 gratia
1349 5701 1505 5784 dependet
1512 5721 1552 5768 ex
1561 5726 1601 5770 vo
1615 5716 1724 5776 untatc
1730 5713 1800 5792 Dei,

174 5799 232 5866 tim
244 5797 391 5878 inprime
406 5793 537 5859 instanti
551 5790 680 5854 inerant
694 5784 789 5851 beati.
1016 5789 1048 5850 et
1060 5803 1125 5848 non
1138 5785 1367 5874 egqnnntitate
1384 5787 1582 5854 naturabum
