4020 6352
234 223 307 350 taor
404 243 406 246 ⁵
761 277 889 342 muru
916 279 1143 342 raronoonn
1162 284 1250 344 rans
1268 285 1384 346 raus
1444 241 1472 285 ²
1792 289 1863 352 raus
1985 317 1986 322 κ

233 394 1021 562 εεεεεεεεεεεεεεεεε
1163 401 1864 573 ascrae,a.sa·²r,szcr:nz

234 563 396 640 diantihus
409 562 515 640 causis
527 559 786 641 particularibus.
1072 557 1179 621 Mouet
1198 561 1297 640 igitur
1309 561 1394 622 Deus
1416 563 1498 626 sicut
1512 563 1726 627 desideratum
1743 571 1776 628 et
1799 584 1867 647 ap-

275 641 335 710 sel
354 645 466 705 contra
480 639 628 720 estquod
642 637 759 701 dicitur
776 639 891 700 (leues.
911 635 960 712 11,
975 637 1019 696 'ir
1072 639 1279 715 prehensum.
1301 639 1361 704 Sed
1381 657 1448 703 non
1469 644 1721 722 apprehenditur
1742 645 1806 708 nisi
1822 649 1867 710 ah

235 721 401 786 Femuvit
415 723 498 783 Deus
512 720 665 782 hominem
679 719 714 780 dc
729 719 800 780 limo
817 725 915 778 terro.
1073 717 1248 792 intellectu,
1259 720 1316 798 qui
1326 736 1391 781 non
1403 724 1452 783 est
1464 738 1592 801 corpus,
1606 739 1666 785 nec
1680 725 1783 786 virtus
1793 743 1866 786 cor-

274 800 461 884 Respondeo
487 799 656 866 dicendum
680 797 765 876 qudd
787 798 872 857 Deus
903 795 1022 856 imme-
1072 797 1173 876 poris.
1187 798 1274 880 Ergo
1286 800 1372 862 Bous
1386 817 1451 863 non
1466 804 1572 878 potest
1585 819 1716 865 morere
1731 805 1865 882 aliquod
1985 799 1986 802 ’

234 880 318 944 diatd
338 885 443 961 potest
462 897 590 950 morere
613 877 780 952 materiam
803 875 843 938 ad
866 874 1020 961 romam,
1073 892 1189 955 corpus
1203 876 1395 941 immediato.
1846 941 1849 948 ,

235 961 312 1038 qula
325 979 383 1023 eus
398 961 431 1021 in
471 956 591 1022 utentia
629 955 735 1020 assivt
751 955 859 1017 reduci
872 954 1021 1034 potestis
1112 954 1143 1016 3.
1174 957 1352 1034 Praeterea,
1388 955 1600 1038 Philosophus
1631 962 1748 1039 prohat
1779 963 1813 1025 in
1843 965 1866 1026 a
1985 989 1986 1006 ¹

235 1042 342 1102 aetum
363 1037 384 1104 d
405 979 548 1124 porentia
568 977 692 1130 achra,
705 1043 777 1130 quae
795 1051 867 1097 eam
887 1035 948 1126 suh
962 1033 1023 1096 sua
1072 1035 1181 1128 l’hps,
1196 1039 1275 1128 text.
1290 1037 1342 1110 ru,
1358 1037 1444 1116 quod
1454 1040 1600 1130 petentia
1619 1039 1748 1121 iatum
1762 1051 1864 1106 movet

235 1122 392 1199 potestate
411 1121 562 1182 continet.
584 1113 664 1179 eum
683 1118 781 1210 igitur
795 1119 929 1176 materia
943 1130 1024 1174 con-
1073 1131 1110 1176 to
1122 1121 1266 1177 emtoott.
1284 1115 1345 1177 Sed
1363 1117 1562 1196 impossihile
1575 1122 1624 1180 est
1640 1120 1773 1198 aliquod
1787 1140 1863 1184 eor-

234 1199 377 1272 tineatur
397 1199 458 1270 sub
471 1200 628 1279 potestate
644 1193 763 1267 divina,
781 1197 892 1272 utpote
916 1191 935 1254 d
955 1193 1023 1253 lieo
1073 1210 1134 1273 pus
1163 1193 1196 1255 ln
1222 1194 1354 1258 instanti
1380 1197 1527 1271 moreri3
1555 1197 1632 1275 quia
1654 1195 1728 1260 oum
1755 1204 1862 1266 omnis

235 1279 400 1356 producta,
415 1273 680 1361 potestrednciin
693 1277 799 1336 actum
812 1271 1021 1350 perdivinam
1073 1276 1180 1334 motus
1202 1273 1243 1334 sit
1270 1274 1356 1350 inter
1380 1291 1399 1335 o
1422 1276 1539 1354 posita,
1561 1281 1752 1353 sequeretur
1776 1281 1864 1358 qudd

235 1358 429 1495 potentiam
453 1359 483 1418 et
503 1357 565 1416 hoc
584 1357 632 1418 est
654 1348 785 1414 moveri
798 1351 964 1414 materiam
976 1350 1023 1442 ⁸ad
1074 1351 1138 1413 duo
1154 1353 1301 1430 opposita
1317 1293 1566 1426 stmufinessent
1579 1353 1697 1430 eidemq
1713 1359 1803 1435 qnod
1815 1364 1866 1421 est

248 1453 392 1512 ormam
416 1436 495 1515 quia
516 1433 619 1500 torma
644 1432 725 1500 nihil
746 1430 835 1495 aliud
854 1432 902 1492 est
925 1445 1023 1508 mam
1073 1430 1281 1508 impossibiie.
1298 1432 1384 1512 Ergo
1400 1449 1518 1512 corpus
1532 1450 1596 1494 non
1618 1437 1724 1512 potest
1744 1437 1867 1502 imme-

235 1516 489 1578 actusmateriae.
729 1521 735 1536 ·
1074 1509 1157 1572 diatd
1172 1509 1323 1586 moverid
1359 1510 1480 1574 utentia
1492 1509 1628 1575 inlinitl.
1646 1515 1792 1582 Potentia
1802 1533 1866 1578 an-

185 1641 188 1644 -
275 1595 323 1656 hd
345 1595 486 1682 primum
508 1607 584 1674 erqo
605 1589 774 1668 dicendum
790 1587 876 1670 quod
893 1586 1022 1650 ellectus
1074 1593 1137 1651 tem
1159 1590 1217 1650 llel
1237 1593 1285 1651 ost
1301 1530 1357 1652 inh

236 1673 353 1757 aliquis
371 1671 534 1735 invenitur
547 1668 718 1734 assimilari
729 1685 833 1731 censu
844 1667 949 1806 affenti
962 1666 1024 1727 du·
1074 1671 1187 1746 quast.
1201 1665 1257 1742 aa,
1273 1671 1334 1731 art.
1348 1669 1378 1728 2.
1394 1671 1480 1750 Ergo
1492 1671 1578 1732 Dens
1593 1687 1659 1732 non
1678 1676 1786 1750 potest
1803 1676 1868 1736 im·

237 1751 461 1830 pliciterruno
484 1749 578 1813 modo
597 1746 771 1812 secundum
787 1764 857 1810 eam
879 1765 929 1808 em
945 1763 1024 1824 spe·
1074 1745 1210 1810 mediate
1223 1763 1352 1824 morere
1363 1748 1522 1826 aliquodo
1584 1767 1633 1812 us.

1359 1591 1437 1664 nita,
1454 1594 1491 1652 ut
1515 1608 1614 1669 supra
1630 1592 1778 1655 habitum
1802 1602 1865 1670 est,
1985 1611 1986 1640 ¹

236 1831 328 1907 ciem,
344 1835 381 1894 ut
394 1831 489 1891 homo
504 1833 676 1912 generatur
688 1829 729 1891 ab
740 1826 880 1896 homine,
897 1830 927 1886 et
940 1825 1022 1905 ignis
1113 1824 1172 1887 Sed
1192 1830 1321 1902 contra,
1343 1843 1442 1910 opera
1463 1828 1661 1892 sorderum
1682 1829 1771 1892 Deus
1791 1831 1870 1894 lecit
1985 1809 1986 1898 ]

113 1935 118 1942 ’
236 1911 277 1971 ah
291 1910 458 1992 igne3alio
472 1909 566 1970 modo
581 1905 756 1970 secundum
766 1907 935 1968 virtualem
948 1922 1024 1965 eon·
1074 1903 1273 1980 immediate,
1287 1905 1322 1967 in
1337 1907 1456 1984 quihus
1470 1907 1652 1969 continetur
1666 1915 1775 1971 motus
1794 1928 1870 1972 cor-

1096 1999 1202 2060 orum,
1219 1987 1257 2044 ut
1272 1989 1359 2064 patet
1371 1986 1500 2065 perhoc
1509 1986 1595 2064 quod
1608 1987 1726 2050 dicitur
1740 1988 1823 2050 Gon.
1837 1991 1866 2064 l,
1985 1997 1986 2084 ᾗ

236 1989 416 2064 tinentiam,
432 1993 529 2070 prout
542 1987 662 2050 scilicet
677 1985 778 2048 torma
799 1981 929 2046 effectus
951 1984 1024 2046 vir-

236 2068 366 2143 tualiter
380 2069 561 2130 continetur
576 2066 610 2128 in
628 2061 744 2140 causa3
760 2067 791 2125 et
808 2063 853 2124 sic
872 2062 1024 2126 animalia
1074 2000 1387 2158 ngoapreqmtur
1408 2082 1544 2146 uque...
1571 2065 1607 2127 ia
1631 2066 1735 2128 locum
1754 2086 1868 2129 unum.
1985 2133 1986 2146 ,

236 2163 278 2208 ex
292 2145 523 2226 putrefactione
538 2148 700 2227 generata,
715 2145 746 2203 et
758 2143 886 2224 planta,
901 2145 932 2202 et
946 2159 1026 2234 cor·
1074 2141 1160 2280 11τέ0
1176 2142 1262 2204 Deus
1275 2141 1457 2205 immediate
1470 2147 1574 2222 potest
1586 2161 1718 2208 mouere
1733 2163 1867 2226 corpus.

238 2243 318 2304 pora
341 2227 511 2288 mineralia
536 2224 757 2286 assimilantur
779 2221 840 2282 soli
867 2223 897 2280 et
922 2221 1023 2282 stellis
1141 2221 1302 2300 espondeo
1329 2221 1497 2283 dicendum
1539 2223 1603 2284 udd
1626 2241 1802 2286 erroneum
1821 2231 1872 2287 est

237 2321 376 2382 quorum
394 2305 512 2367 virtute
529 2305 735 2382 generantur.
756 2299 835 2360 Sici
860 2299 925 2359 itur
942 2297 1025 2360 clle-
1075 2297 1190 2374 dicere,
1214 2301 1317 2362 Deum
1330 2318 1396 2362 non
1411 2315 1507 2380 posse
1559 2319 1703 2380 ceroper
1721 2305 1871 2382 seipsum
1985 2309 1986 2318 ³

216 2387 306 2444 'etus
324 2399 429 2445 causae
443 2382 550 2462 aqenti
565 2381 834 2442 similaturseoun
878 2395 910 2438 m
923 2381 1024 2440 tolum
1076 2396 1187 2440 omnes
1211 2378 1437 2442 determinatos
1460 2380 1590 2443 elleetus
1619 2381 1675 2459 qui
1702 2381 1788 2446 liunt
1835 2402 1872 2446 er
1985 2401 1986 2412 *

237 2461 317 2522 illud
332 2462 371 2524 ad
386 2463 472 2540 quod
486 2478 521 2522 se
535 2459 678 2521 extendit
690 2458 789 2520 virtus
802 2457 936 2536 agentis.
953 2456 1026 2519 Vir·
1075 2473 1313 2536 quamcumque
1338 2476 1471 2522 oausarn
1500 2465 1651 2522 oreamm.
1677 2460 1767 2522 Unde
1793 2479 1812 2523 o

236 2531 413 2604 tus'autem
426 2540 483 2602 Ilei
498 2557 534 2602 se
549 2537 691 2602 extendit
704 2537 744 2600 ad
757 2537 892 2598 turmam
905 2539 936 2597 el
949 2553 1026 2599 ma-
1076 2553 1212 2616 corpora
1228 2541 1419 2599 moveantur
1431 2537 1613 2600 immediate
1626 2537 1646 2602 l
1659 2540 1766 2602 causis
1778 2558 1871 2602 crea-
1985 2547 1986 2580 ³

237 2621 363 2694 teriam,
386 2624 422 2680 ut
448 2635 548 2759 εεςὲε
571 2617 717 2680 habitum
750 2619 808 2689 est,
833 2618 946 2693 quest.
972 2613 1023 2687 ll,
1075 2615 1128 2689 tis,
1150 2615 1231 2676 nulli
1253 2614 1346 2678 dehet
1358 2609 1469 2678 venire
1484 2617 1517 2677 in
1530 2617 1664 2679 dubiam
1683 2619 1870 2696 quin-Deus

237 2702 299 2761 art.
316 2700 332 2760 1
349 2701 379 2761 ot
392 2697 423 2758 Ξ.
438 2698 487 2761 Un
540 2696 763 2774 compositum,
781 2694 868 2774 quod
888 2710 1027 2773 genera·
1075 2694 1177 2772 possit
1198 2709 1327 2756 mouere
1350 2693 1530 2756 immediate
1543 2695 1771 2775 quodcumque
1788 2715 1871 2759 cor-

237 2780 301 2852 tur‚
318 2779 479 2841 similatur
491 2778 558 2838 lieo
572 2773 746 2838 secundum
762 2774 932 2835 virtualem
950 2789 1026 2834 con·
1075 2791 1148 2852 pus.
1168 2773 1209 2832 lit
1229 2773 1290 2835 hoo
1311 2773 1439 2852 quidem
1459 2789 1660 2852 consequens
1676 2775 1782 2838 estad
1820 2795 1873 2840 uae
1985 2773 1986 2778 ’

237 2857 417 2933 tinentiam‚
442 2856 525 2919 sieut
547 2855 704 2917 similatur
731 2851 907 2932 composito
926 2870 1025 2931 geno-
1076 2867 1176 2930 snpra
1203 2850 1287 2914 dicta
1312 2853 1509 2926 sunt,art.t
1539 2852 1639 2932 huius
1653 2857 1769 2932 quest.
1817 2873 1871 2918 am
1985 2867 1986 2870 ’

238 2937 322 2998 ranti
339 2952 397 3016 per
420 2935 658 2997 similitudinem
682 2931 810 3012 speciei.
834 2931 923 2993 Unde
944 2931 1026 2992 sicut
1077 2931 1181 2994 omnis
1197 2934 1302 2992 motus
1315 2931 1459 3009 corporis
1473 2929 1706 3011 cujuscumque
1721 2934 1775 2996 rel
1793 2951 1871 2996 eou-
1985 2933 1986 2956 ³

238 3015 451 3094 compositum
472 3031 629 3093 generans
651 3016 756 3090 potest
777 3027 906 3072 morere
922 3011 1027 3072 mate·
1077 3010 1224 3088 sequitur
1237 3009 1373 3072 turmam
1387 3010 1541 3087 aliquam,
1558 3009 1641 3072 sicut
1654 3015 1762 3073 motus
1778 3013 1872 3076 loea-

238 3095 320 3154 riam
334 3095 374 3156 ad
388 3094 524 3156 sormam
541 3089 722 3172 generando
738 3089 948 3168 compositum
964 3089 1026 3150 sihi
1075 3089 1116 3148 lis
1139 3087 1286 3168 gravium
1309 3092 1340 3150 et
1364 3089 1485 3150 levium
1505 3090 1715 3167 consequitur
1731 3090 1871 3154 termam

239 3172 354 3246 simile,
376 3173 422 3235 ita
446 3175 478 3233 ot
494 3173 596 3245 ltcas3
621 3187 686 3232 non
708 3174 815 3231 autem
838 3169 948 3246 aliqua
962 3169 1026 3231 alia
1076 3183 1149 3246 qua
1166 3165 1294 3229 daturd
1312 3171 1496 3247 generante,
1513 3167 1638 3230 ratione
1652 3167 1749 3248 enjus
1764 3187 1872 3249 gone-

238 3249 341 3313 torma
356 3269 421 3324 pon
435 3249 468 3311 in
482 3248 616 3312 materia
629 3249 782 3319 existens,
796 3248 873 3324 quia
892 3248 1027 3310 materia
1076 3263 1153 3308 rans
1168 3245 1284 3308 dicitur
1302 3263 1451 3319 movens3
1468 3247 1520 3308 vel
1534 3249 1584 3308 est
1602 3247 1656 3310 via
1672 3247 1714 3309 ad
1730 3247 1875 3312 tormen

240 3345 305 3390 non
320 3329 502 3392 continetur
513 3329 546 3390 in
562 3331 679 3396 uirtute
693 3326 825 3389 alterius
841 3325 1026 3388 substantiae
1077 3325 1233 3418 aliquam,
1256 3325 1339 3387 mont
1357 3325 1522 3388 oahlauio
1536 3329 1584 3386 est
1600 3326 1652 3389 ria
1667 3325 1709 3390 ad
1731 3326 1874 3392 roman
1985 3337 1986 3348 ¹

239 3413 406 3487 separatu.
428 3409 468 3469 Et
492 3407 563 3470 ideo
588 3403 747 3470 demones
761 3411 792 3465 ot
812 3404 925 3483 Angeli
943 3422 1028 3482 ope-
1077 3422 1178 3483 rgn1s3
1194 3404 1870 3484 ejusdemautemestimprimerelormam,

239 3495 353 3550 rantur
367 3488 452 3551 circa
471 3489 539 3549 hoc
554 3486 705 3557 visibilia,
728 3501 793 3546 non
811 3483 940 3562 quidem
960 3485 1027 3543 im-
1078 3490 1109 3546 et
1122 3483 1292 3562 disponere
1305 3483 1345 3546 ad
1357 3483 1503 3552 iorntam
1517 3485 1549 3544 et
1562 3483 1776 3549 daremoturn
1794 3503 1871 3547 con-

239 3567 406 3660 primendo
421 3565 559 3641 turmas,
577 3565 633 3628 sed
648 3561 827 3627 adhihendo
847 3563 1027 3640 corporalia
1078 3566 1269 3656 sequentem·
1279 3562 1321 3624 ad
1335 3562 1483 3656 termam.
1496 3561 1754 3658 ignislenimnon
1765 3563 1874 3658 solum

240 3662 531 3786 suffinaeemm
561 3719 727 3784 dicendum
751 3719 838 3798 qudd
861 3720 945 3812 ratio
970 3720 1027 3782 illa
1077 3645 1211 3781 {3533
1228 3641 1351 3783 irirhhuvlgtl
1354 3659 1448 3784 gffi
1452 3642 1798 3816 ·’1ξῗιῗιξῗ)ῗ31ωριζεῗιῗ
1802 3648 1874 3787 ιιἰιιθι

240 3802 436 3882 procederet,
453 3802 480 3866 si
492 3789 580 3894 lleus
593 3803 703 3880 ageret
716 3817 757 3861 ex
770 3801 959 3890 necessitate
969 3815 1028 3860 na·
1078 3797 1213 3861 mediato
1227 3797 1362 3862 turmam
1380 3805 1522 3894 maternae
1536 3802 1737 3882 imprimere,
1752 3821 1871 3867 conse-

240 3886 331 3944 turae.
348 3882 406 3956 Sed
424 3881 501 3965 quia
515 3885 581 3960 agit
596 3897 655 3958 per
669 3879 865 3940 voluntatem
879 3881 910 3938 et
927 3877 1027 3940 intel-
1078 3895 1181 3955 quem
1203 3882 1251 3939 est
1268 3881 1305 3938 nt
1321 3885 1424 3956 possit
1443 3879 1618 3944 secundum
1632 3899 1871 3964 quemcumque

239 3963 367 4032 lectum,
383 3961 439 4040 qui
456 3959 619 4042 cognoscit
631 3960 772 4022 rationes
789 3957 936 4036 proprias
952 3973 1027 4016 om·
1078 3960 1200 4018 motum
1215 3972 1332 4036 corpus
1347 3957 1573 4039 quodcumque
1584 3978 1727 4024 movere.

242 4041 331 4101 nium
353 4039 539 4111 turmarum,
560 4042 591 4100 et
610 4055 677 4099 non
694 4032 798 4098 soldm
812 4035 1025 4108 universales,
1118 4035 1166 4097 hd
1186 4037 1325 4113 primum
1344 4053 1421 4118 orgo
1449 4037 1618 4100 dicendum
1639 4031 1726 4118 quod
1747 4039 1869 4120 duplex

240 4119 314 4182 inde
337 4119 489 4196 estquod
512 4121 617 4196 potest
637 4113 845 4178 determinate
867 4115 952 4176 hano
977 4113 1028 4176 rel
1079 4117 1129 4177 est
1139 4117 1262 4177 tactust
1278 4114 1398 4177 scilieet
1414 4117 1602 4196 corporalis,
1622 4119 1704 4180 siout
1717 4119 1784 4184 duo
1797 4135 1870 4181 cor-

240 4198 329 4260 illam
346 4197 481 4259 turmam
494 4195 636 4272 materie
648 4195 840 4274 imprimere.
1079 4209 1159 4272 pora
1184 4211 1218 4254 se
1243 4197 1396 4272 tangunt3
1412 4200 1444 4255 et
1461 4196 1625 4270 virtualis,
1643 4198 1726 4260 sicut
1739 4198 1867 4271 dictim,

282 4275 329 4348 Ad
359 4277 490 4350 tertium
520 4274 689 4349 dicendum
714 4271 800 4353 qudd
832 4273 893 4334 hoo
921 4272 1027 4350 ipsum
1079 4271 1165 4410 guod
1177 4272 1370 4334 contristans
1383 4275 1485 4354 tangit
1498 4275 1732 4340 conhistatum.
1745 4277 1870 4340 Secun-

240 4352 327 4433 qudd
349 4369 454 4428 cause
475 4353 622 4418 secundae
643 4351 833 4414 ordinantur
855 4351 893 4413 ad
917 4351 1029 4413 detor-

242 4431 541 4525 minatosnelieetus,
555 4431 680 4493 estillis
694 4429 715 4492 d
728 4431 812 4502 Ite03
828 4429 1026 4523 undellcus,
1079 4429 1121 4491 sit
1146 4430 1367 4510 incorporeus,
1389 4446 1453 4524 non
1483 4433 1596 4512 tangit,
1620 4451 1680 4494 nec
1704 4435 1854 4526 tangitur
1859 4455 1866 4506 3

240 4507 1028 4682 altari?testi,atltslltt‘tattt
1080 4505 1869 4672 utilitatha'mtltt.latitasset

241 4669 418 4747 producere
429 4667 642 4748 perseipsum
654 4667 723 4730 sine
736 4683 940 4769 quooumque
951 4666 1027 4728 olio.
1079 4671 1143 4740 tur,
1168 4665 1391 4760 quianullius
1411 4673 1567 4760 creature
1584 4668 1688 4732 virtus
1709 4671 1868 4732 naturalis

241 4747 422 4820 laricanus
445 4764 480 4807 u.
504 4779 540 4792 -
564 4743 677 4816 Utrum
701 4747 784 4808 aaa
800 4753 905 4825 posset
922 4761 1030 4807 ammo·
1079 4745 1236 4885 gotestad
1251 4763 1358 4823 ipsum
1372 4750 1565 4827 pertingere.
1586 4747 1627 4808 Et
1645 4748 1692 4810 sie
1705 4748 1865 4814 intellexit

280 4825 497 4967 diutdimopgre
508 4824 637 4906 aliquod
649 4841 772 4905 cerpus.
785 4858 824 4870 —
837 4822 965 4905 (Opuso.
977 4826 1026 4900 10,
1108 4823 1352 4965 iorgsiusmqudd
1366 4841 1432 4886 oon
1451 4835 1495 4887 est
1512 4833 1612 4888 lucau
1626 4826 1686 4890 ao·
1696 4871 1705 4896 ‚
1724 4831 1762 4893 ut
1781 4829 1869 4891 selli-

281 4913 343 4967 ort.
393 4913 466 4967 et.
564 4912 567 4920 '
1081 4919 1116 4965 oe
1177 4920 1306 4966 nar.

281 4984 328 5058 hd
354 4905 530 5046 seeunuhm
550 4983 597 5045 sie
620 4979 813 5062 proceditur.
840 4983 869 5043 1.
894 4981 1030 5044 Videtur
1120 4981 1169 5043 Ad
1184 4921 1359 5044 sgcnndum
1373 4981 1540 5044 dhendurn
1562 4983 1648 5062 quod
1663 4989 1770 5046 mouet
1783 4987 1869 5048 licus

240 5061 327 5147 quod
339 5063 424 5125 Deus
437 5060 1030 5166 nonpossitimmediatdmeuereali·
1081 5060 1165 5122 sicut
1184 5061 1398 5123 desideratum
1420 5065 1451 5122 et
1473 5062 1682 5125 intellectum.
1714 5063 1776 5126 Sed
1804 5081 1870 5126 non

241 5142 328 5221 quod
350 5159 478 5220 corpus.
500 5132 579 5214 uim
600 5141 685 5212 enim
702 5157 834 5205 merens
861 5144 892 5201 et
906 5145 1031 5204 molunt
1081 5143 1207 5220 oportet
1220 5139 1305 5218 qudd
1320 5156 1446 5218 semper
1459 5146 1590 5204 moreat
1610 5143 1692 5205 siout
1704 5143 1869 5206 desidera-

244 5225 478 5361 oporttcattes9se
489 5219 607 5361 tsml’
625 5224 661 5281 ut
676 5223 832 5358 ptrrsltbatur
846 5219 878 5279 in
898 5219 1031 5360 ltallhy-
1079 5223 1204 5359 tr'rmtctl
1212 5219 1408 5358 lntgllecttum
1423 5219 1464 5358 ath
1477 5221 1622 5364 εοῒιὲεοέ
1630 5225 1799 5338 mouetur3
1815 5221 1867 5316 sed

240 5317 410 5457 lelna
432 5315 906 5470 ,osalaraaara
924 5317 1031 5471 ,aa
1082 5315 1190 5439 aas,
1206 5313 1612 5471 aramenus.
1626 5317 1868 5442 elaeae

240 5473 312 5528 esse
326 5457 561 5549 oontactusllel
581 5463 612 5528 et
625 5473 681 5518 eor
703 5473 768 5519 oris
783 5457 931 5548 alicujus.
947 5457 1031 5518 urea
1122 5455 1169 5517 Ad
1199 5459 1328 5517 tertium
1352 5455 1519 5519 dicendum
1541 5457 1627 5535 quod
1655 5459 1866 5538 Philosophus

241 5535 505 5624 enimlllonysrus
518 5475 782 5614 laleapaiedir.
795 5531 932 5610 Nom.,d
945 5535 1026 5596 med.
1081 5535 1115 5596 in
1134 5533 1155 5595 8
1171 5529 1218 5596 Ph
1241 5535 1311 5609 sie,
1328 5537 1405 5596 text.
1424 5534 1465 5596 '18
1488 5543 1519 5598 et
1539 5553 1620 5616 seq,
1637 5537 1772 5600 intendit
1794 5555 1866 5617 pro-

1100 4347 1155 4411 nm
1180 4351 1278 4430 igitur
1296 4351 1437 4429 primum
1462 4357 1644 4418 contactum
1667 4355 1768 4430 Deus,
1795 4354 1867 4418 cim

239 5612 312 5675 leet.
327 5613 359 5688 3,
375 5615 461 5695 quod
476 5613 612 5676 hanon
627 5615 729 5678 estoit
770 5613 1030 5706 istootoallrgo
1082 5553 1259 5706 harenquhd
1274 5614 1377 5706 virtus
1391 5615 1485 5708 primi
1500 5617 1632 5692 motoris
1655 5633 1722 5680 nou
1736 5618 1866 5708 sittvir·

240 5691 325 5752 Deus
347 5710 412 5754 non
435 5698 540 5778 potest
560 5694 883 5763 immediat.morere
897 5692 1028 5772 aliquod
1082 5695 1133 5753 tus
1166 5711 1200 5753 rn
1228 5694 1470 5772 magnitudine,
1504 5695 1561 5755 teli
1589 5696 1725 5762 ratione.
1756 5695 1864 5772 Virtus¹

239 5785 367 5841 eorpus.
488 5844 490 5856 ‚
1082 5771 1178 5848 primi
1190 5774 1322 5835 motoris
1337 5777 1385 5835 est
1396 5773 1497 5837 virtus
1510 5774 1645 5851 inlicita,
1656 5773 1742 5850 quod
1754 5774 1864 5852 probat
