3970 6334
279 325 331 390 ill

279 443 468 512 diciillomlni,
1028 515 1033 526 Ι

280 533 334 573 ηοη
349 516 510 574 descendent
531 532 557 572 m
574 517 669 572 vallem
688 513 793 586 judieii,
814 513 841 569 id
855 521 904 576 cst,
918 513 1067 596 damnatio-

280 602 352 651 nem,
365 586 412 642 sed
427 588 453 641 in
466 586 579 642 nubibus
590 587 763 642 elevabuntur
772 583 880 640 obuiam
892 581 1009 640 Christo.

299 656 340 711 De
402 657 471 712 litote
483 657 654 721 barbicanam,
668 665 691 710 el
704 655 901 725 imperiumst
909 655 1046 724 jrtdicium.

315 673 486 783 efficiente
501 735 590 783 autem
604 724 778 796 adjudicium
795 725 906 804 Domino
926 724 952 778 in
968 723 1068 778 lortilu·

280 796 342 853 diue
354 805 381 853 et
395 807 524 868 potestate
543 797 648 867 magna,
663 796 703 850 sol
715 803 743 850 et
754 797 816 849 luoa
835 793 959 850 ducuntur
970 794 1067 875 obsco·

280 867 345 934 rari,
360 882 413 922 non
435 868 475 950 sui
493 866 601 950 luminis
622 865 778 947 privatione,
794 863 841 920 sed
863 871 1067 934 superueniente

281 933 908 1090 lit⁸.llll'illllinltllllllll
917 933 1067 1058 tullii:

283 1078 334 1144 nis,
347 1078 387 1134 uel
401 1078 487 1146 aliqui
502 1077 696 1147 perturbatione
709 1075 824 1144 pauoris,
839 1074 885 1128 sed
898 1074 1011 1142 quddam
1024 1072 1069 1127 ad·

281 1148 420 1204 miratione
430 1163 521 1204 eornm
533 1163 592 1218 quae
608 1145 732 1202 uiderint.
748 1144 822 1200 Unde
837 1143 896 1209 tob,
911 1143 981 1224 ⁰:¹⁶
997 1141 1068 1198 :Co-

281 1217 374 1272 lumute
390 1216 445 1271 culi
458 1225 547 1288 pauent
560 1219 594 1271 od
614 1216 745 1270 aduentum
757 1215 822 1285 ejus.
837 1214 906 1268 Ante
919 1212 990 1268 duem
1003 1212 1068 1269 uerd

281 1287 370 1358 judieii
385 1288 424 1343 sol
433 1295 459 1343 et
471 1289 531 1342 luna
545 1285 665 1356 eclipsim
689 1283 830 1354 patientur,
842 1281 976 1338 sicutioel
986 1291 1068 1338 testa·

282 1366 324 1411 tur
338 1356 441 1424 diceus,
457 1373 481 1412 c.
497 1358 515 1411 Ξ
529 1374 536 1410 :
551 1356 599 1411 Sol
613 1363 768 1410 wnumtelur
787 1355 814 1408 in
835 1352 1068 1416 carrateculum

280 1427 307 1480 in
321 1428 478 1498 sanquinem,
500 1427 631 1498 antequbm
644 1426 725 1480 uertim
745 1423 798 1478 dies
811 1422 912 1476 Danuui
924 1431 1068 1506 tuaqnuset

282 1496 417 1551 torribilis.
432 1497 541 1566 llaquus
551 1495 614 1552 verb
623 1496 728 1556 dicitur.
741 1503 851 1564 propter
859 1507 952 1561 magna
963 1509 1022 1561 qum
1032 1492 1069 1548 tbi

282 1566 355 1622 ient.
371 1566 437 1622 Cium
451 1573 539 1622 autem
552 1566 648 1620 luctum
662 1563 740 1619 luerit
750 1564 847 1619 coelum
859 1577 965 1624 novum,
977 1572 1002 1617 et
1016 1572 1068 1616 ter-

281 1651 311 1690 ra
324 1651 400 1702 trouu,
416 1646 479 1692 tirno
496 1636 545 1692 erit
560 1637 603 1690 lux
619 1635 689 1690 lunae
703 1635 772 1689 sicut
795 1633 838 1687 lux
858 1632 932 1698 solis,
955 1641 1069 1687 testante

281 1705 359 1772 lsaill,
374 1721 398 1762 o.
413 1707 467 1762 su:
485 1705 517 1760 lit
530 1707 576 1760 lun
595 1705 656 1760 solis
670 1702 873 1775 septempliciter,
892 1701 918 1756 id
933 1709 984 1767 cst,
1000 1704 1069 1757 sicut

282 1775 325 1830 lux
339 1785 440 1845 septem
455 1776 574 1841 dierum;
595 1776 656 1848 quia
669 1774 795 1843 quantiam
810 1773 880 1826 luxit
892 1771 969 1852 solio
984 1772 1068 1854 primi

283 1845 434 1901 conditione
446 1853 546 1914 septem
559 1846 660 1900 dierum
673 1851 736 1898 ante
749 1849 884 1924 peccatum
899 1844 976 1924 primi
985 1843 1069 1924 bomi-

281 1916 331 1980 nis,
350 1917 451 1971 tantbrn
462 1915 560 1970 lucebit
571 1924 631 1984 post
640 1913 776 1985 judicium.
790 1912 918 1967 Utnorata
932 1927 1003 1966 enun
1019 1913 1068 1967 luit

282 1983 326 2039 lux
338 1986 402 2042 solis
415 1995 443 2042 et
456 1986 536 2049 lunai,
550 1986 715 2055 aliorumque
726 1983 852 2044 siderum.
869 1995 917 2050 per
932 1989 1068 2050 peccatum

301 2055 360 2110 rimi
371 2055 502 2120 hominis;
517 2055 563 2109 sed
575 2063 637 2110 ωηο
650 2053 761 2122 recipiet
770 2053 808 2106 sol
822 2051 971 2106 mercedem
981 2051 1021 2105 sui
1032 2053 1069 2106 la·

281 2069 1070 2249 llamanuclimluuuarcuatus:

283 2263 346 2328 rias,
360 2279 385 2318 c.
400 2264 453 2319 tt:
467 2263 499 2317 Et
513 2264 559 2317 erit
571 2263 625 2316 dies
634 2278 685 2316 uno
698 2277 754 2332 que
765 2270 824 2314 notu
837 2269 873 2314 est
887 2259 1007 2328 Domino,
1019 2277 1069 2318 nort

281 2332 334 2386 dies
354 2349 432 2406 neque
450 2349 519 2397 noa,·
531 2341 554 2387 el
575 2335 602 2386 in
622 2341 732 2403 tentpore
748 2345 856 2403 uomere
866 2330 913 2384 erit
930 2329 985 2398 tue,
1008 2331 1069 2400 quia

286 2409 348 2456 tuno
360 2418 412 2458 non
426 2403 477 2458 erit
487 2403 599 2459 laneus
609 2399 662 2458 diei
671 2409 699 2456 et
709 2401 792 2456 noctis
802 2415 861 2470 qnae
873 2399 952 2454 modo
962 2410 1010 2467 est,
1021 2401 1069 2458 sed

280 2472 406 2527 corruitura
417 2473 475 2528 dies
484 2483 511 2528 et
525 2473 578 2527 lox.
592 2471 673 2527 isaias
684 2481 772 2526 tamen
783 2471 889 2526 uidetur
897 2470 988 2526 dicere
998 2471 1068 2540 qubd

284 2549 346 2595 tunc
360 2557 413 2596 uon
434 2542 520 2598 lucem
534 2544 573 2598 sol
589 2542 632 2598 uel
653 2543 724 2609 luna,
745 2541 857 2611 loquens
871 2555 920 2596 cou
941 2541 1069 2610 rogationi

282 2621 452 2667 ostiolorum:
468 2613 527 2667 Νοη
540 2614 586 2666 erit
602 2613 647 2676 ibi,
662 2613 754 2680 inquit,
766 2626 789 2665 c.
804 2611 849 2673 60,
863 2556 972 2682 onpb'tu
983 2612 1022 2666 sol
1036 2612 1070 2666 ad

282 2679 415 2735 lucendum
434 2699 479 2754 per
497 2684 572 2748 diem,
588 2699 632 2736 uec
644 2681 763 2754 splendor
777 2681 843 2736 lunae
856 2679 1008 2735 illuminabit
1026 2691 1050 2737 te
1059 2699 1069 2747 ,·

280 2749 378 2805 sederit
386 2753 430 2806 tibi
440 2751 562 2807 Dominus
573 2754 600 2806 in
613 2753 692 2806 lucem
701 2751 887 2822 sempiternum.
898 2749 949 2806 Sed
961 2751 1069 2807 hisver-

282 2819 323 2874 bis
335 2836 387 2876 iton
402 2833 479 2904 negat
492 2824 575 2877 solem
589 2831 616 2878 et
626 2822 714 2876 lunam
731 2830 793 2876 tunc
814 2821 912 2888 lucere,
927 2821 974 2876 sed
986 2821 1070 2892 signi·

282 2888 343 2960 licat
355 2890 448 2960 hisqm
464 2900 526 2947 ωηο
539 2901 619 2947 erunt
631 2892 657 2946 in
669 2892 767 2946 aeterna
781 2889 955 2958 beatitudine,
968 2891 1069 2947 nullum

282 2958 349 3015 lueis
366 2976 442 3017 usum
464 2974 602 3032 praestare.
623 2962 700 3030 Quia,
719 2970 748 3014 ut
768 2961 805 3014 ait
824 2961 944 3026 illerum,
961 2961 1007 3016 lib.
1025 2961 1068 3031 lt),

283 3043 313 3083 su
350 3031 494 3087 reumdcm
509 3032 606 3096 locum,
620 3031 681 3086 coeli
694 3039 721 3086 et
732 3040 819 3098 terrae,
832 3030 898 3086 solis
910 3039 989 3101 atque
999 3030 1070 3087 lunue

283 3113 317 3152 tto
338 3101 359 3154 is
374 3102 486 3156 cessabit
501 3101 625 3166 olllcium,
639 3110 667 3156 et
686 3101 736 3156 erit
754 3101 810 3171 ipse
830 3100 959 3156 Dominus
980 3102 1069 3156 lunian

283 3169 338 3224 suis
353 3169 378 3223 iu
389 3180 555 3242 perpetuum.
565 3171 656 3226 Potest
670 3172 749 3226 ctiam
758 3170 867 3242 intelligi
878 3169 941 3226 illud
952 3170 1027 3226 isaim
1037 3173 1071 3228 cb

282 3239 386 3296 ratione
398 3240 508 3308 dictum,
519 3242 580 3313 quia
590 3242 663 3297 solet
674 3241 733 3296 lona
745 3251 808 3296 tuuc
818 3256 872 3295 non
882 3241 1015 3296 lrabebunt
1023 3257 1069 3296 or-

283 3315 337 3363 tum
348 3318 375 3365 et
386 3325 509 3366 occasum
522 3311 590 3367 sicut
602 3327 682 3366 nurtc.
703 3309 779 3367 Unde
794 3310 900 3378 isidor„
915 3311 980 3366 illud
997 3312 1070 3366 lsaise

284 3380 358 3446 quasi
372 3394 519 3448 exponens,
533 3383 579 3444 ait.
595 3383 621 3446 l,
636 3396 662 3436 c.
676 3381 693 3436 5
708 3399 714 3434 ι
728 3381 792 3435 Post
801 3380 930 3448 iudicium
943 3383 983 3436 sol
997 3382 1071 3437 labar-

284 3447 322 3503 ris
336 3450 376 3503 sui
390 3451 538 3532 mercedem
551 3451 687 3534 strscipiet.
708 3449 784 3507 Unde
798 3449 930 3520 Propheta
946 3451 1070 3506 :Lucebit

283 3519 1071 3670 llllllillltcultibilitaslittlllt

284 3655 312 3710 ln
334 3659 472 3713 tormentis
493 3660 630 3714 subternis
651 3657 728 3726 postu
750 3657 871 3714 lruontor
889 3659 948 3713 lucc
967 3675 1069 3715 eorum.

284 3723 362 3783 Unde
373 3725 490 3793 Abacuc,
498 3729 551 3782 cb
567 3745 573 3782 :
587 3728 634 3782 Sci
643 3737 667 3782 et
680 3727 868 3782 lunoststerunt
876 3727 904 3781 in
915 3731 1004 3785 ordine
1013 3746 1069 3786 suo.

283 3795 353 3850 Ecce
364 3795 456 3865 aperte
467 3797 531 3851 dicit
540 3798 623 3858 solem
636 3804 664 3851 el
678 3797 765 3852 lunam
777 3809 838 3852 tuuc
848 3799 946 3860 lucere,
961 3800 1008 3854 sed
1018 3812 1073 3855 sta-

284 3862 371 3919 biliter
386 3881 555 3934 permanere;
572 3867 615 3921 ubi
630 3865 710 3922 etiarn
727 3867 857 3936 significat
870 3867 1000 3923 iulcruum
1012 3885 1072 3926 esse

285 3934 334 3990 sub
349 3935 429 3990 terra.
443 3935 470 3992 Si
485 3935 551 3992 verb
565 3936 756 4006 qutaeriturquis
766 3951 830 3991 usus
845 3937 910 3992 lucis
923 3939 986 3992 solis
997 3939 1072 3994 etlu-

286 4017 329 4058 nae
343 4012 415 4073 tunc,
431 4004 514 4061 lateor
534 4021 577 4061 ote
594 4007 725 4076 ignorare,
745 4007 805 4077 quia
821 4007 846 4062 in
863 4005 1005 4079 scripturis
1017 4023 1072 4066 non

283 4075 393 4130 memini
407 4090 450 4131 me
464 4075 569 4147 legisse.

530 4165 718 4224 omtmctlo
730 4167 824 4224 XLlX.

309 4271 343 4312 U!
357 4273 532 4316 bltrsasttutn
544 4276 693 4317 HANSlOllU!
708 4277 734 4318 tlt
746 4277 825 4318 COELU
838 4279 872 4318 tiu
884 4279 910 4320 ltt
923 4280 1046 4322 turnebu.

321 4346 348 4400 l.
362 4347 426 4403 Post
438 4351 657 4406 resurrectionem
676 4350 741 4407 verb
759 4352 828 4408 lacto
842 4355 965 4412 uniuerso
978 4357 1072 4427 imple·

286 4421 366 4486 toque
374 4415 484 4498 judicio.
500 4433 562 4474 astos
576 4419 641 4476 lines
652 4417 786 4478 habebunt
798 4424 919 4480 ciuitates
929 4425 989 4480 dum
1002 4444 1008 4480 :
1020 4441 1073 4482 una

285 4483 397 4552 curtsu,
411 4486 462 4542 alia
476 4489 589 4554 diaboli;
605 4505 656 4544 una
671 4490 812 4556 bonorum,
828 4494 910 4548 alteru
932 4496 1070 4564 malorum,

285 4561 342 4609 utra
363 4571 395 4609 ue
407 4566 493 4613 tamen
504 4558 657 4628 angelorum
668 4567 695 4615 et
704 4559 852 4618 hominum.
872 4563 930 4620 letis
940 4566 1071 4634 uoluntas,

255 4627 265 4648 ·
285 4572 463 4708 iltis‘laculus
474 4631 634 4710 conpulerit
645 4643 704 4685 esse
716 4629 853 4702 peccandi,
866 4634 907 4689 vel
920 4634 972 4689 tilla
982 4635 1074 4690 condi-

285 4700 323 4749 tto
336 4697 474 4752 monendi.
488 4697 548 4754 lslts
567 4715 594 4753 m
608 4701 706 4754 aterna
725 4702 779 4756 vita
792 4702 901 4760 lelicitcr
912 4705 1071 4772 uiuentibus,

284 4763 336 4820 illis
348 4764 488 4823 infeliciter
500 4769 526 4824 in
540 4771 640 4824 aeterna
653 4781 738 4826 morte
751 4771 808 4828 sine
819 4773 947 4830 moriendi
957 4785 1072 4844 potesta·

284 4840 311 4889 le
324 4835 489 4902 durantibus,
519 4841 623 4895 uoniam
635 4845 738 4911 tetrique
751 4843 809 4898 siue
822 4843 885 4899 lltte.
905 4845 956 4901 Sed
967 4846 995 4900 in
1008 4847 1072 4902 bea·

284 4905 397 4987 titudine
415 4908 468 4975 isti,
491 4855 558 4964 efflue
571 4911 624 4965 alio
636 4913 830 4980 praestabilium
846 4915 871 4970 in
888 4915 993 4971 miseria
1010 4915 1072 4974 vero

284 4973 333 5040 rili,
345 4977 412 5032 alios
424 4979 477 5033 alio
492 4981 654 5036 tolonoilius
669 4986 860 5052 permanebunt
871 4985 960 5058 (bug,
977 4987 1003 5042 in
1017 4987 1071 5042 En·

284 5045 389 5112 cbirid.,
403 5063 427 5102 c.
442 5050 515 5118 llll.
528 5049 565 5104 Et
576 5051 615 5106 ms
628 5065 736 5122 apparet
749 5053 818 5125 quod
834 5057 905 5110 sicut
920 5057 980 5112 boni
993 5057 1071 5112 dilie-

283 5124 374 5171 teuter
410 5117 619 5186 lorilicabuntur,
642 5123 686 5178 alii
702 5127 794 5194 magis,
810 5126 854 5180 ulii
875 5128 973 5194 nunus,
991 5128 1027 5183 ita
1046 5137 1072 5184 ct

283 5185 346 5241 mali
360 5132 513 5272 digerentur
532 5193 557 5246 iu
575 5190 682 5248 inlerno
701 5196 851 5264 punientur.
875 5193 948 5253 Sicut
960 5199 1030 5254 euim
1045 5198 1071 5254 in

284 5256 364 5312 domo
377 5259 471 5324 Patris,
481 5261 565 5330 idest,
575 5263 600 5316 in
613 5279 695 5334 reguo
708 5267 835 5320 emiorum
848 5269 1073 5324 mansionesmul·

283 5334 316 5382 tae
328 5336 401 5396 suot,
417 5328 505 5398 idest,
521 5334 688 5402 premiorum
702 5334 875 5402 differentiam
889 5337 924 5392 itu
945 5347 971 5393 et
984 5341 1010 5394 in
1024 5354 1072 5409 ge·

282 5395 371 5478 benna
389 5401 501 5456 diversae
517 5411 580 5459 eum
599 5405 761 5470 mansiones,
774 5406 800 5461 id
817 5415 867 5472 cst,
881 5409 1070 5478 suppliciorum

282 5465 447 5547 differentiae.
462 5473 561 5528 Umucs
572 5482 659 5528 mmen
669 5484 796 5529 uterorum
810 5491 915 5546 poenum
927 5480 1070 5547 patientur,

282 5549 352 5594 sicut
360 5555 454 5594 orrtnes
461 5543 537 5598 electi
548 5543 671 5599 eumdem
685 5544 821 5602 babebuot
833 5547 982 5614 lectarium,
991 5565 1070 5618 quem

321 5609 476 5666 terlamilids
485 5612 557 5668 dedit
569 5613 692 5669 omnibus
723 5616 748 5670 ui
761 5619 932 5684 operatisunt
943 5620 968 5672 iu
982 5621 1069 5674 vitrea.

308 5679 397 5734 omine
410 5680 511 5737 denarii
525 5683 624 5754 aliquid
639 5631 761 5741 omnbus
773 5687 865 5742 electis
875 5703 1016 5745 conrmune
1028 5690 1070 5746 in·

611 443 710 501 buntur
720 457 813 500 omnes
823 441 907 514 impii.
921 441 990 498 lusti
1000 441 1066 500 verb

256 5837 258 5848 Ι
282 5746 418 5822 elutum
429 5751 541 5826 sulcu,
557 5756 611 5814 uita
627 5763 738 5838 aurea,
752 5756 823 5816 oeus
836 5758 893 5831 ipse
910 5775 963 5832 quo
975 5775 1070 5854 omues
1090 5845 1094 5855 ‚

928 324 972 384 DE
990 321 1241 385 successuris.

1898 323 1960 381 “8

1121 443 1251 510 lruontur,
1266 441 1313 498 sed
1331 439 1476 512 impariter.
1491 440 1557 501 Nam
1572 442 1641 500 timul
1656 439 1875 500 manutenens
1893 438 1960 492 ela·

1121 511 1235 568 rillcatio
1244 526 1398 582 corporum,
1412 513 1448 568 ita
1457 511 1583 568 differens
1594 513 1678 584 gloria
1689 513 1740 570 erit
1749 511 1957 590 animarum.

1121 581 1204 638 Stella
1222 583 1287 636 num
1299 583 1315 636 b
1325 582 1408 650 muli,
1420 581 1445 638 id
1457 591 1508 648 cst,
1519 585 1619 638 electus
1631 583 1664 638 ab
1674 583 1769 649 electo,
1787 579 1916 660 differt·
1925 595 1959 662 aas

1121 651 1245 716 cluntote,
1260 653 1356 707 mentis
1374 661 1402 708 et
1421 654 1551 722 corporis.
1566 653 1618 708 Alii
1635 653 1706 709 euim
1724 653 1785 709 aliis
1811 653 1959 705 uicinius

1121 721 1273 792 clariusque
1287 721 1333 776 Uei
1346 721 1461 793 speciem
1472 723 1738 792 contemplabuntur;
1750 731 1777 778 et
1790 722 1871 792 ipsa
1882 733 1961 774 con·

1124 792 1265 860 templaudi
1284 791 1432 850 differentia
1448 793 1589 848 diversitas
1606 794 1774 848 mansionum
1790 800 1954 846 vocatur.

1121 861 1221 917 Domus
1234 877 1297 932 ergo
1308 872 1350 916 est
1361 878 1422 928 uua,
1434 862 1460 918 ld
1474 871 1525 930 est,
1536 863 1660 918 denarius
1671 872 1810 928 ostunus3
1830 859 1896 916 sed
1907 857 1958 914 di·

1121 931 1235 988 versitas
1249 941 1290 988 est
1300 932 1335 987 ibi
1350 933 1527 1000 mansiomlm,
1538 933 1564 988 id
1577 943 1628 997 est,
1642 933 1792 990 differentia
1813 932 1955 986 clarita-

1122 1002 1334 1072 tis3quiaunnm
1343 1011 1562 1058 estetsummum
1573 1003 1672 1058 bonum
1682 1002 1831 1058 beatitudo
1843 1003 1956 1082 οῑηῑιηΙ

1122 1073 1251 1137 οηηίηη,
1273 1071 1367 1135 idest,
1387 1073 1457 1128 Deus
1472 1075 1537 1141 ipse.
1561 1073 1617 1129 lloc
1636 1074 1708 1128 bono
1725 1087 1834 1129 omrtes
1852 1071 1955 1126 electi

1121 1141 1299 1211 perimentur,
1314 1141 1360 1196 sed
1374 1143 1418 1197 alii
1432 1142 1491 1198 aliis
1504 1143 1617 1214 plenius.
1637 1141 1821 1200 Perlrueutur
1835 1153 1954 1197 autem

1122 1211 1235 1267 ridendo
1245 1227 1292 1281 per
1301 1213 1433 1282 speciem,
1446 1227 1499 1266 non
1510 1227 1558 1282 per
1567 1213 1705 1282 speculum
1718 1213 1745 1268 iu
1758 1213 1951 1283 enigmate.

1123 1281 1226 1336 llaberc
1240 1296 1303 1351 ergo
1319 1283 1411 1346 uitam,
1427 1289 1468 1336 est
1486 1282 1577 1338 uidere
1594 1284 1687 1348 uitato,
1706 1283 1799 1347 idest,
1818 1297 1951 1353 cogno-

1122 1364 1198 1405 scere
1213 1351 1297 1405 Ueum
1311 1353 1336 1406 in
1350 1353 1447 1422 specle.
1462 1351 1538 1408 Unde
1547 1351 1652 1408 Veritas
1664 1353 1701 1408 ait
1713 1351 1741 1408 in
1755 1353 1949 1424 Evangelio,

1121 1419 1198 1476 loun.
1214 1421 1247 1476 ll
1262 1439 1269 1474 :
1288 1419 1572 1486 Herennuleium,
1587 1431 1614 1476 ut
1626 1433 1818 1494 coquosconlte
1837 1437 1949 1477 oms·

1122 1487 1214 1554 Ueurrt,
1225 1499 1249 1544 et
1260 1507 1332 1560 quent
1347 1491 1435 1545 misisti
1449 1490 1536 1546 lesum
1548 1491 1676 1547 Christum
1686 1509 1739 1548 esse
1750 1509 1840 1547 uuum
1855 1503 1887 1548 el
1897 1509 1949 1546 so·

1122 1559 1174 1613 itum
1185 1576 1270 1614 uerum
1284 1557 1382 1625 Deum;
1402 1560 1453 1616 hoc
1466 1571 1507 1616 est
1525 1562 1622 1618 babere
1638 1567 1730 1628 vitane
1746 1563 1837 1620 idest
1859 1563 1949 1618 :Co-

1122 1631 1292 1699 gnoscere'tc
1307 1645 1359 1685 non
1373 1639 1414 1685 est
1433 1631 1488 1702 ipsa
1502 1633 1617 1702 cogrrltio
1635 1647 1694 1702 quac
1707 1640 1737 1687 tu
1750 1649 1790 1700 es,
1803 1633 1868 1688 sed
1887 1647 1947 1702 per

1122 1700 1302 1770 coguitionem
1319 1700 1417 1756 habere
1429 1700 1527 1756 bonum
1539 1702 1609 1772 quod
1626 1713 1653 1756 ω
1665 1717 1705 1766 es,
1718 1703 1811 1774 idest,
1825 1704 1910 1757 vita.

1265 1770 1295 1824 Si
1310 1787 1394 1824 omnes
1406 1769 1517 1825 laomiues
1529 1772 1615 1826 uoluul
1626 1787 1679 1827 esse
1690 1771 1765 1827 beuti.

1156 1838 1184 1893 2.
1204 1839 1278 1895 Solet
1291 1841 1370 1894 etiarn
1389 1841 1472 1910 quaeri
1493 1841 1526 1897 de
1546 1841 1727 1908 beatitudine,
1741 1843 1837 1897 utrium
1867 1857 1940 1898 mm

1121 1923 1215 1964 omncs
1235 1910 1330 1974 uelint,
1351 1920 1378 1965 et
1391 1910 1475 1965 sciant
1495 1926 1555 1979 quae
1575 1913 1610 1966 sit
1630 1927 1693 1968 uera
1713 1911 1875 1968 beatitudo.
1897 1913 1941 1966 De

1122 1978 1173 2034 boc
1192 1983 1303 2049 August.
1318 1980 1345 2034 in
1359 1980 1406 2034 lib.
1422 1979 1456 2036 lb
1470 1977 1503 2036 de
1518 1981 1603 2049 Trim,
1618 1997 1677 2052 cup.
1692 1983 1720 2048 l,
1734 1983 1769 2036 ita
1783 1981 1938 2038 disserit:

1121 2048 1214 2103 llimm
1237 2058 1278 2104 est
1302 2049 1362 2104 culm
1387 2048 1557 2120 capessendis
1579 2051 1777 2122 retinendoque
1799 2053 1938 2107 beatitu-

1121 2119 1191 2174 tliuis
1203 2118 1324 2173 uoluntas
1339 2135 1389 2175 uoa
1404 2121 1438 2174 sit
1450 2121 1579 2186 omnium,
1596 2121 1666 2176 undo
1683 2130 1753 2176 tanta
1767 2126 1883 2177 existat
1897 2121 1937 2176 de

1122 2189 1177 2255 ipsa
1188 2187 1349 2244 beatitudine
1372 2191 1465 2245 rursus
1483 2189 1622 2246 diversitas
1645 2193 1837 2257 voluntatum3
1871 2207 1936 2245 ηοη

1121 2257 1191 2327 qudd
1211 2274 1269 2314 estu
1293 2259 1389 2330 aliquis
1412 2260 1486 2324 nolit,
1501 2261 1549 2316 scd
1571 2261 1642 2330 qudd
1664 2277 1716 2317 arou
1739 2277 1837 2318 omues
1862 2275 1934 2316 earn

1121 2329 1220 2383 nbriirt.
1235 2327 1263 2383 Si
1284 2331 1354 2384 enirn
1372 2343 1431 2384 eam
1453 2345 1546 2386 omnes
1565 2341 1722 2398 noscerent,
1738 2333 1844 2387 ooliab
1862 2332 1933 2386 aliis

1122 2407 1260 2468 putaretur
1272 2413 1331 2454 esse
1346 2399 1374 2454 in
1386 2399 1482 2456 uirtute
1497 2401 1593 2466 animi,
1610 2401 1643 2456 ab
1656 2401 1715 2456 aliis
1735 2403 1761 2456 in
1776 2403 1934 2472 uoluptate

1121 2469 1259 2536 corporis,
1280 2468 1314 2523 ab
1328 2469 1387 2525 aliis
1398 2481 1477 2540 atque
1490 2469 1549 2525 aliis
1563 2471 1625 2526 alibi
1647 2481 1728 2542 atque
1743 2472 1815 2528 alibi.
1843 2473 1930 2540 Quo-

1122 2537 1203 2594 modb
1222 2553 1285 2610 ergo
1304 2554 1398 2594 omnes
1415 2551 1506 2595 attrant
1524 2541 1595 2610 quod
1616 2556 1668 2596 non
1688 2555 1781 2597 onustes
1803 2539 1931 2598 sciurrul

1122 2607 1187 2674 Quis
1201 2617 1287 2677 potest
1297 2623 1387 2665 amare
1396 2610 1467 2680 quod
1478 2612 1573 2676 nescit,
1587 2613 1655 2666 sicut
1665 2627 1744 2680 supra
1756 2609 1928 2682 disputari?

1121 2675 1176 2732 Cur
1196 2693 1259 2748 erqo
1280 2678 1414 2734 beatitudo
1426 2689 1531 2735 amatur
1544 2681 1579 2735 ab
1597 2681 1738 2744 omatibus,
1752 2695 1803 2736 nec
1825 2691 1927 2736 minen

1123 2749 1203 2803 scitur
1219 2751 1252 2803 ab
1271 2749 1412 2804 omnibus?
1427 2752 1467 2805 An
1480 2749 1548 2806 lorti
1565 2752 1652 2806 sciunt
1671 2767 1763 2807 omnes
1775 2767 1839 2822 qum
1861 2753 1926 2821 ipsa

1122 2818 1166 2884 sit,
1180 2819 1228 2874 scd
1246 2833 1298 2874 uon
1317 2833 1410 2874 omnes
1423 2822 1512 2874 sciunt
1531 2821 1577 2875 ubi
1596 2822 1644 2886 sit,
1658 2829 1685 2876 et
1700 2822 1762 2878 iudo
1775 2825 1923 2877 coatteutio

1121 2887 1184 2942 est?
1197 2891 1236 2942 ltu
1260 2887 1327 2942 lorti
1349 2887 1444 2944 laisum
1464 2899 1504 2944 est
1524 2891 1595 2961 quod
1618 2906 1666 2959 pro
1679 2906 1744 2947 vero
1763 2891 1923 2961 posuimus,

1122 2956 1199 3012 beate
1221 2959 1309 3012 rivere
1326 2973 1420 3014 omnes
1441 2959 1561 3015 homines
1582 2961 1670 3016 uellet
1688 2960 1716 3018 Si
1740 2963 1812 3018 enim
1837 2959 1925 3018 beate

1122 3028 1211 3082 uiuere
1234 3036 1285 3094 est,
1306 3028 1378 3082 uerbi
1400 3031 1494 3100 qratia,
1515 3030 1660 3086 secuudum
1683 3031 1765 3087 animi
1786 3032 1922 3086 uirtutem

1121 3098 1228 3165 uivere,
1239 3097 1372 3168 quomodd
1383 3099 1461 3155 beate
1474 3102 1565 3156 uiuere
1576 3101 1641 3168 uult,
1652 3103 1698 3172 qui
1710 3099 1761 3157 hoc
1770 3117 1823 3157 non
1837 3101 1922 3156 vult!

1121 3167 1216 3224 Nouate
1228 3167 1316 3223 verilis
1331 3167 1464 3225 diximus:
1478 3169 1563 3225 ilnmo
1584 3172 1627 3226 ille
1643 3187 1696 3228 nou
1707 3173 1763 3228 vult
1775 3171 1857 3228 beate
1871 3173 1919 3226 vi-

1121 3252 1194 3304 uere,
1207 3238 1268 3307 qula
1282 3253 1334 3293 non
1348 3239 1404 3294 vult
1416 3239 1560 3295 securmbm
1573 3241 1697 3296 uirtutem
1717 3241 1824 3308 rivere,
1840 3241 1921 3312 qnod

1121 3309 1209 3363 solum
1220 3317 1262 3364 est
1273 3307 1351 3363 bestd
1362 3310 1472 3366 viveret
1483 3309 1541 3366 Non
1553 3325 1617 3380 ergo
1627 3327 1720 3368 omnes
1732 3311 1809 3367 beatd
1820 3313 1921 3368 vivere

1121 3380 1223 3444 uolunt,
1237 3378 1291 3434 imb
1303 3380 1378 3448 pauci
1388 3379 1440 3434 hoc
1449 3379 1552 3452 yolunt,
1565 3382 1585 3434 si
1601 3396 1653 3436 uon
1664 3389 1707 3438 est
1718 3381 1795 3437 bestii
1808 3383 1915 3448 uiuere,

1122 3447 1173 3502 nisi
1195 3448 1339 3505 secuudum
1362 3449 1485 3504 uirtutem
1508 3449 1590 3506 animi
1611 3453 1718 3520 uiuere,
1740 3452 1811 3523 quod
1836 3452 1919 3508 multi

1122 3519 1225 3573 nolunt.
1239 3517 1312 3574 ltane
1324 3519 1417 3574 lulsum
1430 3521 1496 3588 erit,
1511 3520 1582 3576 unde
1594 3537 1643 3576 uec
1659 3523 1717 3591 ipse
1727 3520 1822 3578 Cicero
1832 3523 1918 3578 dubi-

1124 3586 1210 3642 tauit?
1224 3588 1269 3643 lllt
1280 3589 1350 3642 enirn
1364 3589 1392 3643 ln
1404 3589 1544 3645 llortensio
1557 3609 1563 3645 :
1575 3591 1648 3646 Beati
1660 3589 1733 3647 certe
1747 3607 1841 3648 omnes
1855 3609 1919 3649 esse

1122 3657 1255 3712 volumus.
1276 3659 1353 3713 Absit
1373 3667 1402 3714 ot
1425 3659 1476 3715 boc
1497 3659 1592 3715 laisum
1616 3675 1676 3717 esse
1699 3661 1828 3718 dicemus.
1845 3663 1918 3730 Quid

1122 3726 1207 3796 orgo?
1221 3730 1262 3781 An
1276 3727 1416 3783 dicendum
1431 3739 1489 3795 est,
1505 3731 1609 3786 etiamsi
1624 3731 1688 3785 nillil
1701 3731 1771 3786 aliud
1786 3733 1822 3786 sit
1835 3731 1918 3789 bend

1123 3797 1211 3852 uivere
1224 3797 1303 3868 quim
1317 3798 1461 3854 secundum
1477 3801 1601 3856 uirtutem
1616 3801 1697 3856 aniani
1710 3801 1809 3866 vivere,
1823 3812 1917 3859 tarrten

1123 3868 1204 3937 etqui
1219 3866 1270 3920 lroc
1282 3882 1334 3922 nou
1347 3869 1412 3934 uult,
1426 3867 1503 3925 beate
1516 3871 1604 3926 virere
1618 3871 1694 3926 vult‘l
1707 3871 1792 3926 Nimis
1804 3873 1916 3942 quidem

1123 3935 1174 3990 boc
1186 3936 1289 3991 uidetur
1308 3938 1459 3993 absurdum.
1473 3938 1539 3994 'lale
1552 3941 1622 3996 enirn
1637 3952 1677 3996 est
1691 3941 1758 3996 acsi
1772 3941 1914 3998 dicatous:

1122 4005 1174 4073 Qui
1187 4021 1239 4061 non
1258 4007 1313 4061 uult
1330 4007 1408 4064 beate
1426 4009 1598 4070 viverevult
1616 4011 1693 4067 beate
1711 4015 1813 4068 uiuere.
1834 4014 1915 4068 letam

1123 4078 1322 4145 repugnantium
1342 4079 1401 4146 quis
1418 4079 1528 4134 audiat?
1547 4081 1606 4150 quis
1626 4080 1715 4136 leratl
1729 4091 1755 4136 et
1770 4091 1860 4137 tamen
1882 4083 1916 4138 ad

1123 4145 1490 4213 huoccoutruditnecessitas‚
1500 4150 1521 4204 si
1530 4151 1737 4208 ctomnesbeatb
1747 4153 1837 4208 viuere
1845 4153 1916 4208 uelle

1124 4231 1215 4272 verum
1228 4227 1279 4284 est,
1294 4225 1320 4272 ct
1335 4234 1387 4273 iton
1402 4234 1493 4274 omncs
1506 4220 1599 4276 uolunt
1623 4222 1662 4276 sic
1676 4221 1765 4277 virere
1778 4223 1915 4292 quomodo

1124 4286 1210 4341 solium
1226 4287 1321 4342 uiuitur
1334 4287 1421 4343 beate.
1444 4289 1482 4344 llo
1496 4289 1559 4345 illud
1574 4290 1608 4345 ab
1622 4292 1662 4346 liis
1674 4292 1802 4374 anqustiis
1815 4295 1916 4362 poterit

1124 4371 1174 4412 nos
1187 4372 1298 4424 eruere,
1315 4357 1337 4412 si
1353 4359 1474 4414 dicamus
1494 4360 1559 4414 nibil
1573 4375 1632 4416 esse
1647 4363 1722 4417 beate
1735 4363 1845 4429 uiuere,
1863 4363 1914 4418 nisi

1126 4426 1217 4482 uivere
1231 4427 1374 4482 secundum
1383 4429 1586 4485 delectationem
1597 4447 1671 4487 suam
1684 4451 1691 4496 ;
1706 4441 1735 4488 ot
1748 4431 1809 4487 idcb
1818 4433 1916 4488 laisum

1124 4511 1178 4550 non
1189 4511 1248 4552 esse
1260 4497 1330 4567 qodti
1343 4514 1436 4554 omnes
1449 4499 1525 4554 beate
1537 4501 1628 4557 uivere
1639 4503 1731 4571 uelint,
1742 4504 1807 4628 quia
1819 4519 1916 4560 onmes

1124 4566 1159 4621 ila
1170 4567 1261 4622 uolunt
1272 4579 1300 4622 ut
1312 4581 1443 4652 quemque
1453 4569 1587 4626 delectat?
1599 4571 1650 4627 Sed
1661 4572 1687 4628 id
1698 4573 1741 4642 qui
1760 4589 1803 4629 cru
1818 4574 1915 4629 laisum

1124 4649 1174 4692 est.
1192 4635 1266 4692 Velle
1286 4653 1355 4693 enno
1369 4638 1439 4709 quod
1454 4654 1507 4695 non
1527 4641 1636 4706 deceat,
1657 4651 1772 4699 estesse
1789 4645 1914 4700 miserri-

1125 4722 1208 4761 mum.
1222 4706 1276 4763 Nec
1290 4717 1342 4763 mm
1357 4711 1482 4764 miserum
1498 4724 1605 4768 estnon
1623 4712 1732 4782 adipisci
1746 4713 1817 4784 quod
1833 4716 1912 4780 uelis,

1123 4777 1203 4848 quim
1213 4777 1401 4846 adipiseirelle
1413 4780 1482 4850 quod
1492 4797 1545 4836 non
1555 4791 1687 4852 oporteat.
1700 4783 1765 4852 Quis
1777 4785 1813 4840 ita
1824 4800 1913 4840 cocus

1124 4849 1168 4934 eit,
1183 4857 1211 4902 ut
1224 4848 1296 4904 dicat
1308 4849 1496 4933 aliquemtideb
1508 4851 1625 4936 beatum,
1640 4855 1701 4922 quia
1715 4855 1779 4908 tivit
1792 4864 1821 4909 ut
1836 4855 1914 4938 uult}

1124 4918 1913 5064 ulluultuiuillicumnullumuque

1125 5059 1192 5115 Uala
1203 5061 1273 5116 euim
1289 5060 1423 5118 voluntate
1436 5062 1481 5118 aed
1494 5063 1550 5116 soli
1564 5063 1646 5120 miser
1654 5064 1766 5135 quisque
1778 5064 1911 5132 ellicitur;

1124 5131 1170 5184 sed
1191 5130 1328 5192 miserior,
1343 5131 1403 5185 cum
1423 5131 1683 5198 desideriommalre
1703 5136 1847 5190 uoluntatis
1862 5137 1912 5190 im·

1124 5199 1220 5324 Rletur.
1235 5201 1410 5270 Quapropter,
1425 5203 1550 5272 quoniam
1563 5219 1654 5260 verunt
1673 5213 1714 5260 est
1733 5203 1804 5276 qudtl
1818 5219 1912 5262 ontuss

1144 5271 1246 5324 omines
1258 5285 1317 5326 esse
1332 5271 1400 5326 beati
1416 5273 1514 5339 uelint,
1529 5271 1608 5345 idque
1619 5274 1807 5330 ardentissimo
1819 5289 1911 5332 amore

1123 5349 1259 5410 appetant,
1267 5349 1294 5396 et
1307 5349 1415 5410 propter
1426 5343 1477 5398 boc
1486 5351 1580 5399 catera
1591 5355 1910 5417 quacumqueappetant;

1123 5411 1316 5481 necquicquam
1328 5421 1415 5482 potest
1422 5415 1589 5486 amorequod
1597 5416 1824 5487 omnindquiduol
1833 5417 1911 5486 quale

1123 5481 1157 5535 sit
1170 5483 1267 5548 nescit,
1285 5495 1334 5536 nec
1348 5491 1435 5552 potest
1449 5485 1553 5540 nescire
1568 5485 1629 5556 quid
1645 5487 1697 5554 sit,
1713 5487 1782 5568 quod
1797 5501 1827 5541 se
1842 5486 1910 5542 uelle

1122 5551 1173 5674 :citt
1180 5593 1209 5676 ,m
1203 5555 1335 5677 sebqeqittiulq²
1336 5562 1370 5677 a&
1377 5567 1483 5680 οιιηηιοξ(1
1484 5555 1587 5680 1)οεὶωηῖ
1602 5557 1682 5611 ultam
1694 5566 1789 5639 setam.
1812 5557 1909 5684 0ηὲιὲ

1139 5637 1183 5676 ue
1371 5639 1387 5676 η
1493 5640 1528 5680 ro
1540 5643 1596 5693 uu,
1630 5642 1730 5694 numnis
1745 5643 1798 5682 non
1817 5643 1860 5682 om

1121 5693 1167 5762 qui
1185 5691 1284 5748 babent
1297 5691 1368 5762 quod
1380 5641 1473 5751 nollunt
1485 5643 1674 5752 continubqsint
1684 5697 1763 5753 beati.
1778 5697 1909 5754 Continuo

1095 5762 1322 5859 'comminuite-ti
1333 5771 1412 5838 tuot,
1424 5765 1471 5840 qm·
1481 5767 1525 5860 rel
1538 5782 1593 5864 uon
1606 5765 1712 5848 babent
1723 5767 1796 5843 quud
1807 5768 1906 5843 uolunt.
