4008 6346
1041 181 1212 210 Μ

103 227 166 292 aaa
493 231 628 306 consi.
648 191 1483 315 niniasuonesnii'n'iisoriouniiicstcauii.'
1725 247 1781 308 psi

102 351 253 429 aliquis
302 354 394 420 velit
421 353 557 423 bonum,
589 347 644 410 sod
677 342 832 425 tanqudm
867 343 945 410 boul
997 345 1186 407 naturaliter
1196 344 1297 429 diligit
1311 367 1345 413 sc
1362 351 1460 430 qnam
1471 351 1587 418 Deum.

102 431 208 510 quod
230 435 337 512 quis
353 435 422 500 vult
437 431 517 499 sibi,
531 433 563 492 et
580 444 639 522 per
653 441 852 502 consequens
871 423 943 498 alii,
1035 421 1096 484 Sed
1110 421 1230 488 ialsltas
1246 427 1342 509 liujus
1364 431 1523 510 opinionis
1541 433 1706 500 manifeste
1719 457 1761 520 ap

102 503 945 669 tesserecedecadisullast
996 503 1780 660 stiuam*assuetissimis

1644 615 1652 666 ;
1693 615 1733 659 nc
1746 617 1780 658 i-

101 670 247 746 malis,
266 675 367 754 quin
384 669 584 733 dilectionem
605 663 784 727 naturalem
805 661 944 725 habeant
996 661 1085 754 natio
1101 663 1351 730 enimnaturalis
1364 667 1397 728 in
1411 669 1461 732 liis
1473 687 1545 748 quai
1557 676 1633 734 sunt
1645 675 1714 738 sine
1729 693 1780 739 ra-

102 748 151 812 ad
164 751 277 814 alios
300 751 464 831 Angelos,
477 749 512 810 in
527 748 683 826 quantum
697 759 770 804 cum
788 741 834 802 eis
851 757 945 803 com-
996 744 1099 814 ticne,
1125 741 1322 806 demonstrat
1340 746 1580 814 inclinationem
1600 754 1780 817 naturalem

102 829 328 894 manicavit
357 833 391 892 iii
425 824 562 898 natura,
593 821 648 886 sed
679 821 792 883 odiunt
820 835 875 884 eos
909 820 943 882 iii
996 817 1031 878 in
1050 818 1215 884 voluntate
1241 823 1463 890 intellectualis
1492 834 1625 894 nature.
1652 833 1780 894 Unum-

103 913 319 984 quantum
335 907 588 974 diversificantur
600 898 776 964 secundum
787 899 944 980 justitiam
996 898 1145 978 quodque
1159 905 1266 964 autem
1283 903 1317 966 iii
1336 906 1433 968 relius
1457 909 1657 972 naturalibus
1682 911 1779 990 (quod

104 989 140 1048 et
158 986 407 1068 injustitiam.
996 975 1170 1070 secundum
1184 985 1332 1045 naturam
1345 982 1518 1066 liccipsum
1531 989 1616 1067 quod
1628 990 1688 1070 ost)
1701 991 1781 1053 alte-

106 1067 340 1133 nunnus
354 1087 385 1132 v,
406 1099 444 1110 -
458 1061 572 1128 Uinios
581 1059 717 1139 Angelos
730 1057 870 1120 naturali
888 1056 945 1120 di·
995 1073 1063 1118 rius
1081 1061 1147 1132 est,
1164 1060 1265 1137 princi
1290 1057 1372 1124 alliis
1395 1067 1427 1125 et
1442 1066 1542 1145 magis
1557 1067 1730 1131 inclinatur
1745 1069 1779 1130 in

151 1145 331 1209 lectione
347 1145 460 1224 diligat
479 1137 898 1219 Douniploaqudmscipsum.
909 1169 943 1183 -
995 1133 1027 1194 id
1039 1136 1130 1227 cujus
1148 1144 1212 1213 est,
1226 1079 1324 1232 qudin
1338 1141 1371 1202 in
1387 1143 1538 1223 seipsum.
1553 1147 1593 1206 Et
1607 1147 1674 1210 haec
1688 1147 1779 1210 incli-

151 1223 257 1304 (1-2‚
282 1233 398 1308 quest.
422 1223 492 1298 ios,
517 1227 578 1281 ort.
594 1219 625 1292 3,
638 1225 666 1276 et
681 1214 751 1288 Μ,
765 1223 871 1294 quest.
892 1213 942 1284 36,
996 1216 1084 1274 natio
1099 1218 1255 1279 naturalis
1269 1219 1507 1285 demonstratur
1520 1242 1560 1287 ex
1574 1226 1622 1288 liis
1635 1244 1708 1304 quai
1722 1244 1779 1291 na·

151 1313 236 1364 ort.
250 1303 297 1378 3,
310 1321 411 1384 corp„
427 1309 455 1362 et
468 1298 574 1381 quodi.
587 1300 616 1368 1,
630 1301 692 1356 ort.
702 1293 734 1364 8,
745 1292 856 1386 corp.)
996 1293 1141 1386 turalitei·
1155 1301 1314 1375 aguntur;
1337 1299 1414 1392 quia
1428 1303 1680 1384 unumquodque
1697 1306 1780 1368 sicat

150 1383 214 1443 Ad
230 1382 463 1462 quintumsio
496 1372 944 1449 roceditur.1.Videturqudd
996 1376 1103 1450 agitur
1112 1375 1312 1448 naturaliter,
1329 1395 1374 1440 sic
1394 1385 1503 1458 aptum
1517 1387 1628 1444 natum
1643 1389 1691 1446 est
1705 1385 1777 1464 agi,

104 1461 297 1541 Angelus
314 1459 453 1524 naturali
466 1398 632 1518 dilectione
643 1450 830 1544 nou-diligat
843 1451 943 1512 Deum
995 1455 1031 1510 ut
1042 1449 1165 1536 'dicitur
1188 1453 1222 1515 in
1243 1454 1263 1514 2
1284 1456 1429 1536 Physic,
1449 1463 1527 1521 text.
1552 1461 1602 1522 78.
1627 1463 1778 1526 Videmus

104 1540 196 1617 plus
217 1541 342 1620 quam
357 1540 509 1618 seipsum.
526 1533 625 1609 Quia,
638 1534 674 1592 ut
685 1530 802 1591 dictum
819 1532 941 1622 estnart.
995 1546 1079 1590 onim
1090 1531 1176 1623 qudd
1187 1535 1377 1597 naturaliter
1384 1553 1458 1615 pars
1470 1557 1505 1601 sc
1513 1541 1645 1619 exponit
1655 1540 1693 1604 ad
1704 1559 1780 1604 con·

105 1610 943 1699 praec„dilectionaturalislandatursuperunionc
995 1615 1207 1698 servationem
1233 1613 1352 1688 totius,
1374 1616 1456 1678 sicut
1472 1635 1588 1681 maniis
1608 1621 1781 1698 exponitur

106 1700 309 1762 naturali.
325 1698 384 1760 Sed
401 1698 517 1759 natura
535 1691 644 1754 divina
656 1683 796 1774 maxime
814 1685 943 1749 distata
995 1689 1071 1749 ictui
1085 1690 1207 1766 absque
1219 1689 1492 1758 deliberationcad
1501 1699 1779 1762 conservationem

108 1775 266 1840 natura
284 1775 413 1856 Angeli.
427 1775 512 1854 Ergo
526 1767 666 1832 naturali
681 1766 850 1826 dilectione
870 1764 944 1826 Aa·
994 1766 1091 1827 totius
1104 1770 1258 1846 corporis.
1280 1771 1318 1831 Et
1336 1773 1413 1849 quia
1427 1775 1510 1838 ratio
1525 1776 1668 1839 imitatur
1682 1784 1780 1841 natu-

111 1857 226 1934 gelus
250 1855 368 1917 miuus
384 1851 485 1934 diligit
499 1843 708 1926 Deumqudm
722 1861 772 1918 se,
785 1843 943 1910 ueletiam
993 1845 1286 1936 ram,·hu1'usuiodi
1308 1851 1517 1914 imitationem
1543 1854 1722 1920 invenimus
1744 1857 1778 1919 in

111 1936 239 1996 alium
259 1936 437 2014 Angelum.
992 1926 1163 1986 virtutibus
1185 1927 1339 2004 politicis;
1361 1936 1410 1992 est
1432 1933 1517 1994 enim
1542 1933 1677 1997 virtuosi
1700 1935 1777 2000 civis

157 2013 200 2073 2.
219 2016 414 2086 Praeterea,
449 2012 558 2087 ropter
571 2002 658 2085 quod
676 2003 939 2083 unumquodque,
991 2004 1030 2064 ut
1039 2019 1075 2062 sc
1088 2009 1228 2082 exponat
1240 2009 1350 2069 mortis
1372 2011 1513 2087 periculo
1527 2030 1587 2091 pro
1600 2015 1699 2076 totius
1711 2016 1778 2078 rei-

114 2095 151 2152 et
165 2093 271 2153 illud
286 2092 402 2172 magis.
426 2029 488 2152 Sed
508 2083 649 2148 naturali
661 2081 828 2144 dilectione
842 2082 942 2161 quili-
991 2081 1127 2178 publicio
1153 2087 1394 2178 conservatione
1407 2109 1415 2160 ;
1429 2092 1461 2150 et
1476 2090 1502 2152 si
1516 2091 1611 2153 homo
1626 2097 1710 2154 esset
1721 2111 1780 2158 aa·

113 2169 180 2232 liet
200 2172 273 2233 dili
300 2172 324 2232 tt
340 2171 441 2232 alium
460 2167 591 2246 propter
609 2179 663 2234 sc;
687 2161 941 2240 unumquodque
991 2162 1106 2224 taralis
1123 2177 1197 2241 pars
1222 2165 1318 2258 hupins
1343 2167 1495 2242 civitatis,
1524 2171 1590 2232 liaeo
1612 2171 1778 2236 inclinatio

119 2251 227 2311 enim
245 2190 356 2329 adigit
374 2245 514 2324 aliquid,
537 2243 569 2304 iu
584 2243 741 2320 quantum
756 2244 804 2300 est
820 2242 940 2301 bonum
992 2245 1076 2302 esset
1089 2241 1119 2302 ei
1134 2244 1304 2305 naturalis.
1317 2245 1398 2319 Quia
1409 2247 1506 2386 igitur
1518 2251 1638 2312 bonum
1649 2250 1780 2315 uuiver-

119 2329 212 2389 silii.
247 2330 340 2407 Ergo
360 2326 530 2388 dilectione
551 2317 691 2382 naturali
711 2318 854 2396 Angelus
874 2335 939 2380 nou
992 2319 1120 2380 salcest
1136 2320 1365 2400 ipsolleas,et
1379 2343 1418 2386 su
1453 2326 1612 2390 hocbono
1630 2331 1779 2393 contine-
1818 2393 1823 2402 ,

122 2404 252 2487 diligit
268 2408 374 2468 Deum
391 2399 574 2485 plusquam
588 2399 743 2490 seipsum:
819 2475 825 2490 .
990 2397 1608 2492 taretiamAngclus‚etliomo,etomnis
1618 2417 1778 2484 creatura,

168 2486 206 2545 3.
230 2489 408 2558 Praeterea,
423 2477 768 2544 naturareiloctiturin
782 2491 938 2566 seipsam3
990 2491 1069 2566 quia
1094 2493 1197 2540 omnis
1223 2485 1372 2542 creatura
1394 2485 1585 2546 naturaliter
1604 2485 1779 2550 secundum

123 2564 296 2656 item
411 2559 498 2652 <vt
625 2554 940 2694 vicissitude
990 2551 1356 2698 iticinitiiit
1373 2563 1623 2702 {tillidi

127 2644 679 2796 dgdttessztffiiedddldlsgfflaaera,
706 2709 887 2772 sitenderet
905 2711 938 2770 in
990 2709 1200 2790 principalids
1229 2715 1341 2794 diligat
1393 2659 1774 2860 eumequdqi'inoseldffflird.

130 2799 235 2864 auno
249 2802 327 2880 plus
342 2795 439 2876 quam
454 2797 487 2856 in
503 2795 651 2872 seipsam.
662 2790 732 2851 Non
746 2806 822 2869 ergo
839 2792 940 2852 natu·
991 2789 1143 2868 Alioquin
1158 2793 1183 2853 si
1197 2795 1526 2875 naturaliterplussei
1567 2817 1621 2860 um
1633 2800 1664 2860 di
1679 2802 1779 2880 igeret

130 2879 203 2940 rali
234 2876 407 2941 dilectione
437 2873 539 2954 diligit
566 2869 707 2951 Angelus
734 2868 835 2928 Deum
864 2870 937 2948 plus
990 2865 1089 2945 quain
1102 2869 1225 2944 Deum,
1243 2879 1434 2950 sequeretur
1452 2877 1517 2952 qud
1550 2879 1707 2942 naturalis
1722 2879 1777 2940 di-

132 2956 248 3034 qnam
267 2975 314 3021 se·
596 2993 599 3000 ,
990 2946 1085 3008 lectio
1099 2957 1183 3010 esset
1195 2967 1366 3028 perversa,
1380 2957 1412 3014 et
1425 2955 1511 3033 qudd
1525 2972 1589 3016 non
1605 2957 1777 3034 perticere-

177 3036 216 3098 ls.
242 3039 421 3108 Praetcrea,
445 3033 507 3094 hoc
529 3027 657 3092 videtur
679 3044 750 3088 esse
771 3026 939 3104 proprium
990 3028 1044 3088 tur
1057 3044 1114 3104 per
1128 3029 1333 3103 charitatem,
1349 3032 1403 3094 scd
1416 3033 1645 3096 destrueretur.

135 3113 337 3188 eharitatis,
353 3116 390 3175 ut
410 3111 453 3174 ali
477 3110 528 3170 uis
556 3108 658 3169 Deum
670 3104 743 3182 plus
763 3101 861 3181 quam
881 3121 939 3166 se-
1030 3105 1220 3183 Adprimum
1239 3125 1316 3188 ergo
1335 3111 1502 3174 dicendum
1522 3113 1609 3190 qudd
1624 3117 1707 3176 ratio
1722 3117 1777 3180 illa

137 3193 256 3271 ipsum
270 3193 392 3272 diligat.
411 3129 475 3252 Sed
490 3181 790 3275 dilectiocharitatis
804 3199 870 3273 non
891 3187 939 3245 est
990 3185 1133 3263 procedit
1161 3187 1193 3246 in
1218 3186 1268 3248 liis
1287 3205 1360 3266 qua
1385 3208 1425 3250 ex
1453 3207 1546 3282 aequo
1567 3191 1774 3267 dividuntur,

137 3273 308 3334 naturalis
324 3273 358 3332 in
375 3268 526 3349 Angelis,
544 3263 599 3326 sed
612 3261 805 3343 diffunditur
816 3278 851 3322 sii
865 3279 939 3322 cci·-
989 3279 1129 3340 quorum
1141 3282 1242 3326 unum
1259 3284 1323 3328 non
1345 3272 1394 3328 est
1410 3269 1502 3330 alteri
1517 3271 1602 3330 ratio
1618 3273 1776 3334 existendi

138 3350 238 3412 dibus
256 3355 430 3427 corum'pcr
444 3344 600 3436 Spiritum
610 3348 762 3407 sanctum.
778 3339 833 3479 aad
846 3338 939 3432 datus
990 3345 1021 3433 et
1035 3343 1203 3435 lionitatis3
1227 3345 1261 3436 in
1283 3346 1402 3408 talibus
1417 3349 1503 3408 enim
1523 3351 1776 3429 unumquodque

139 3437 186 3490 est
213 3431 271 3497 eis,
285 3431 323 3489 nt
338 3426 413 3488 dicit
429 3426 639 3503 Augustinus,
657 3418 697 3479 12
722 3417 761 3478 de
803 3436 845 3479 iv.
860 3417 936 3493 Dei,
989 3419 1092 3500 diligit
1111 3423 1301 3485 naturaliter
1322 3425 1421 3504 magis
1441 3427 1582 3505 seipsum
1604 3427 1701 3504 quani
1727 3431 1778 3491 al-

141 3525 216 3588 cap.
228 3507 250 3568 9
257 3504 421 3645 Γοεῑωθᾱ.
434 3503 589 3582 Ergonou
604 3498 740 3577 diligunt
751 3496 853 3590 Deum
866 3498 938 3558 An·
989 3501 1104 3573 terum,
1122 3501 1326 3592 inquantum
1340 3507 1388 3564 est
1404 3505 1506 3584 magis
1520 3505 1581 3567 sibi
1598 3505 1657 3584 ipsi
1674 3525 1776 3569 unum

142 3589 207 3664 geli
222 3587 254 3646 di
269 3584 394 3646 colione
408 3579 548 3644 naturali
563 3573 744 3657 plusquam
759 3591 893 3653 seipsos.
989 3575 1088 3654 quain
1100 3579 1205 3641 alteri.
1224 3579 1282 3642 Sed
1302 3581 1335 3640 in
1357 3582 1420 3644 illis
1436 3599 1575 3660 quorum
1597 3601 1699 3647 uuum
1728 3590 1777 3648 est

183 3665 215 3726 5.
231 3667 410 3736 Praeterea,
425 3659 552 3721 dileetio
566 3654 722 3717 naturalis
733 3671 859 3732 semper
870 3671 938 3717 ma·
989 3657 1056 3719 tota
1079 3658 1161 3720 ratio
1185 3658 1342 3722 existendi
1359 3663 1391 3723 et
1408 3663 1560 3724 bonitatis
1583 3663 1656 3738 alii,
1675 3665 1776 3744 magis

142 3749 212 3818 net,
226 3744 379 3805 manente
390 3734 519 3802 naturd.
533 3735 592 3798 Sed
606 3734 737 3812 diligere
749 3733 851 3792 Deum
863 3733 936 3811 plus
988 3734 1131 3815 diligitur
1139 3739 1330 3801 naturaliter
1336 3740 1649 3819 talealterumqudm
1657 3743 1774 3822 ipsum,

144 3821 481 3901 quamseipsum,non
492 3818 599 3877 manet
607 3813 640 3874 iii
647 3815 798 3904 peccante
808 3812 935 3950 anfclo.
989 3813 1072 3876 sicut
1089 3815 1208 3877 dictum
1224 3817 1319 3878 estin
1341 3837 1447 3897 corp,
1471 3819 1557 3898 qudd
1571 3837 1776 3900 unaquaque

144 3904 197 3963 vel
210 3900 360 3974 homine3
373 3897 462 3976 quia,
475 3899 512 3956 ut
523 3895 722 3984 Augustinus
737 3890 831 3963 dicit,
865 3889 937 3952 ide
988 3909 1064 3970 pars
1080 3893 1183 3974 diligit
1199 3897 1389 3958 naturaliter
1403 3901 1504 3958 totum
1521 3897 1705 3990 plusquam
1720 3919 1774 3974 se,

145 3979 184 4043 de
196 3979 265 4044 Civ.
281 3978 357 4052 uei,
379 3994 449 4055 cap.
471 3973 530 4034 ult.
545 4017 553 4046 ,
570 3989 605 4031 in
627 3985 730 4050 princ.
751 3987 758 4026 ε
778 3969 935 4060 Fecerant
988 3976 1021 4032 et
1033 3973 1197 4049 quodlibet
1213 3973 1377 4053 singulare
1391 3976 1580 4038 naturaliter
1589 3977 1690 4057 diligit
1702 3979 1774 4056 plus

148 4060 291 4122 civitates
310 4055 386 4118 dccc
406 4070 524 4116 amores
547 4050 620 4116 duo,
644 4055 796 4108 terrenam
816 4049 936 4108 scilicet
987 4049 1109 4111 bouum
1131 4068 1198 4112 susa
1216 4053 1332 4130 speciei
1351 4051 1449 4130 quam
1464 4055 1583 4124 honum
1596 4073 1691 4116 snum
1704 4057 1775 4118 sin-

146 4156 233 4199 onior
245 4139 297 4198 siit
310 4153 347 4195 os
368 4153 406 4194 oe
418 4131 459 4194 od
472 4131 529 4193 Dei
546 4133 776 4203 contemptums
791 4123 936 4186 colestem
988 4128 1110 4205 gulare.
1137 4128 1222 4190 Deus
1237 4134 1343 4191 autem
1358 4148 1423 4191 non
1451 4129 1557 4192 solilni
1579 4139 1628 4194 est
1651 4134 1772 4196 bonum

147 4151 770 4298 mannerdetorqueacccotemptom
781 4204 935 4283 manige
987 4206 1773 4300 uniususpecieimedestipsumuniversalebonum

147 4297 282 4376 diligere
300 4293 403 4353 Deum
426 4303 526 4368 supra
547 4300 688 4364 scipsum
708 4298 774 4344 non
799 4284 847 4342 est
869 4299 936 4346 na·
986 4285 1183 4362 simpliciter.
1207 4284 1294 4348 Unde
1321 4305 1421 4348 unum
1445 4288 1572 4367 uodque
1595 4307 1655 4352 suc
1679 4293 1772 4354 modo

147 4376 264 4436 tumve,
632 4442 638 4454 ι
733 4439 740 4454 .
987 4364 1177 4425 naturaliter
1189 4363 1292 4444 diligit
1301 4365 1402 4428 Deum
1415 4305 1487 4445 glus
1505 4365 1602 4447 quim
1617 4369 1663 4431 sei
1687 4389 1771 4432 sum.

184 4451 246 4515 Sed
260 4454 383 4522 contra,
401 4445 511 4507 omnia
526 4442 661 4504 moralia
679 4440 758 4519 legis
777 4445 935 4532 praecepta
1026 4441 1074 4503 Ad
1089 4443 1264 4504 secundum
1277 4441 1444 4506 dicendum
1458 4445 1544 4524 qudd
1569 4443 1642 4510 cilm
1657 4387 1773 4512 ‹ficitm

147 4535 222 4595 sunt
232 4531 272 4592 dc
284 4530 354 4608 lege
371 4529 505 4588 natura).
521 4521 581 4583 Sed
594 4525 787 4600 pracceptum
804 4518 843 4580 de
856 4519 935 4581 dili·
986 4519 1072 4597 qudd
1087 4521 1173 4584 Deus
1196 4521 1339 4614 diligitur
1365 4525 1407 4586 ab
1423 4525 1557 4605 Angelo,
1570 4525 1773 4604 inquantum

146 4611 250 4692 gendo
267 4609 370 4669 Deum
395 4619 494 4681 supra
508 4600 649 4680 seipsum
671 4601 720 4660 est
741 4603 934 4677 preceptum
986 4603 1035 4660 est
1054 4599 1083 4660 ei
1099 4601 1222 4674 bonus,
1243 4619 1270 4662 si
1284 4601 1317 4682 ly
1330 4602 1365 4663 iis
1385 4611 1536 4683 quantum
1556 4605 1640 4667 dicat
1655 4605 1770 4680 linem,

145 4683 458 4766 moralclegis.llrgo
475 4685 523 4744 est
536 4680 574 4740 de
600 4679 671 4757 lege
698 4681 840 4751 naturas,
857 4695 934 4758 ergo
986 4679 1031 4740 sic
1046 4678 1161 4742 laisum
1184 4683 1248 4753 est;
1265 4697 1330 4740 non
1358 4681 1444 4743 enim
1465 4681 1567 4762 diligit
1581 4684 1771 4746 naturaliter

146 4769 316 4832 dilectione
329 4759 468 4826 naturali
481 4757 622 4838 Angelus
639 4755 741 4834 diligit
753 4755 855 4818 Deum
872 4776 934 4819 su-
984 4757 1087 4819 Deum
1112 4763 1245 4896 Bropter
1276 4759 1395 4820 bonum
1422 4777 1535 4833 suum,
1560 4761 1615 4822 scd
1641 4767 1771 4840 propter

145 4865 203 4927 pra
220 4846 374 4924 scipsum.
826 4892 831 4902 .
985 4836 1092 4915 ipsum
1141 4854 1230 4908 eum3
1245 4837 1273 4898 si
1288 4837 1458 4900 verddicat
1476 4839 1635 4902 rationem
1650 4843 1768 4904 amoris

182 4921 373 5002 Respondeo
393 4915 562 4981 dicendum
582 4913 668 4993 qudd
686 4913 817 4991 quidam
835 4913 932 4976 dixe-
984 4933 1027 4976 ex
1043 4919 1134 4993 parte
1153 4915 1312 4989 amantis,
1326 4915 1496 4978 sicverum
1510 4922 1576 4992 cst;
1599 4935 1664 4979 uon
1682 4920 1769 4982 enim

144 5009 222 5067 runt
235 5001 323 5081 qudd
337 4996 478 5078 Angelus
492 4992 632 5056 naturali
649 4991 818 5054 dilectione
831 4991 933 5073 diligit
984 4997 1069 5055 esset
1080 4995 1114 5055 in
1124 4991 1241 5057 natura
1256 4993 1392 5074 alicujus
1406 4993 1493 5072 qudd
1514 5001 1636 5059 amaret
1648 4997 1766 5072 Deum,

143 5085 247 5145 Deum
270 5081 343 5160 plus
357 5075 457 5157 quim
471 5092 506 5137 sc
520 5089 628 5134 amore
650 5071 929 5149 concupiscentia,
984 5073 1096 5134 nisiex
1114 5089 1152 5134 eo
1169 5071 1255 5150 qudd
1277 5073 1532 5152 unumquodque
1565 5075 1721 5154 dependet
1748 5077 1769 5143 d

143 5163 223 5242 quia
248 5159 368 5224 scilicet
389 5156 460 5236 plus
484 5150 604 5232 appetit
623 5149 683 5212 sihi
705 5151 825 5211 bonnm
848 5149 932 5211 divi·
982 5152 1068 5214 tione
1081 5150 1337 5229 quodestueus.

144 5259 223 5305 uum
249 5236 348 5318 quam
373 5239 493 5297 bonum
515 5247 629 5302 suum,
651 5233 682 5289 et
702 5229 797 5291 etiarn
821 5245 931 5292 amore
1023 5231 1070 5291 Ad
1082 5230 1213 5291 tertium
1224 5229 1392 5293 dicendum
1411 5229 1497 5326 qudd
1509 5234 1626 5295 natura
1635 5233 1769 5297 retlccti·

10 5334 13 5343 ·
143 5319 311 5390 amicitia,
326 5315 529 5394 inquantum
544 5307 740 5371 scilicctlleo
753 5308 822 5370 vult
838 5310 930 5369 natu·
982 5313 1036 5370 tur
1051 5309 1084 5369 in
1105 5309 1260 5385 seipsam,
1286 5326 1351 5370 non
1373 5309 1478 5371 solum
1496 5309 1652 5386 quantiim
1677 5314 1718 5375 ad
1737 5315 1769 5376 id

107 5439 111 5450 ·
144 5401 256 5465 raliter
267 5389 648 5475 Angelusmajusbonum
658 5384 758 5464 quam
768 5385 847 5457 sibi;
862 5388 930 5447 vult
1005 5388 1068 5448 uod
1080 5391 1129 5449 est
1142 5387 1172 5448 ci
1184 5387 1359 5468 singulare,
1373 5389 1427 5450 sed
1442 5388 1542 5450 multd
1553 5391 1656 5481 magis
1665 5409 1770 5470 quan·

10 5504 12 5518 ,
144 5479 230 5542 enim
246 5465 752 5539 naturaliterDcumcsselleum,
775 5468 929 5526 scautem
960 5470 995 5526 ·t
1069 5465 1109 5526 ad
1129 5483 1309 5528 commune.
1333 5467 1511 5529 inclinatur
1539 5485 1624 5529 enim
1643 5487 1769 5532 unum-

144 5559 213 5624 vult
224 5557 344 5618 habere
356 5551 515 5614 naturam
525 5545 700 5626 propriam·
715 5543 794 5616 Sed,
809 5543 929 5620 simpli·
981 5545 1131 5624 quodque
1145 5543 1186 5608 ad
1205 5544 1459 5608 conservandum
1474 5563 1540 5607 non
1555 5544 1659 5610 scldni
1673 5567 1768 5612 suum
1783 5559 1792 5568 '

145 5638 223 5700 citer
235 5625 561 5722 loquendo,naturali
570 5623 738 5720 dilectione
746 5623 819 5716 plus
827 5623 929 5720 diligit
980 5623 1195 5718 individuum,
1224 5624 1403 5690 sedetiam
1434 5641 1535 5719 suam·
1556 5627 1709 5768 speciem
1736 5634 1768 5692 et

145 5711 502 5800 sequdmlteumqiua
512 5707 668 5804 intensius
679 5709 711 5766 ct
719 5703 952 5802 principalius·
980 5703 1082 5767 multd
1094 5719 1195 5790 magis
1207 5703 1304 5778 liabct
1325 5703 1505 5769 naturalem
1526 5721 1578 5768 inc
1591 5710 1765 5785 mationem
