4008 6346
66 374 136 429 tutu
457 379 591 446 QUAES'F.
611 375 727 436 thtt.
748 375 791 432 DE
809 373 956 432 uuulub's
974 375 1039 431 SEX
1061 373 1182 432 elutus
1202 375 1234 433 ΙΝ
1252 376 1417 435 (turullius.
1667 381 1735 440 tutu

62 485 262 550 aliterdici.
275 490 513 552 Basiliuseuim
523 490 703 564 dieit‚bem.
713 487 732 548 a
742 487 890 563 flexam,
986 485 1032 548 Ad
1047 491 1198 566 quartum
1208 487 1375 552 dicendum
1390 487 1475 569 qubd
1486 491 1647 554 Rabbibio
1670 509 1734 564 ses,

62 567 154 644 qubd
176 585 247 644 per
267 569 432 646 hocquud
447 569 562 630 dieitur
580 589 587 628 ε
605 567 699 629 Dixit
714 567 806 634 Deus,
827 565 894 626 lm·
945 564 979 626 in
997 566 1068 628 eod.
1086 566 1160 640 ltu,
1185 587 1243 648 per
1263 571 1411 648 spiritum
1436 569 1563 630 Domini
1587 513 1687 632 inteilt
1712 573 1733 634 it

62 649 234 722 portatur
272 649 426 708 divinum
454 649 635 726 imperium.
664 641 756 708 Prius
785 650 893 706 autem
945 661 1069 715 aerem,
1089 646 1141 708 uel
1156 652 1296 722 rentum,
1315 649 1397 710 sicut
1411 649 1541 711 etPlato
1557 649 1733 722 intellexrt;

61 725 226 800 oportuit
252 728 399 804 produci
419 731 616 798 creaturam,
642 743 715 805 quen
734 724 891 800 obediret,
932 723 1064 784 ridicu
1080 725 1166 803 qubd
1180 725 1296 788 dieitur
1312 727 1446 806 spiritus
1459 728 1598 796 Domini,
1613 747 1728 790 sccun-

62 801 168 880 qudm
187 803 277 865 ficri
301 805 495 867 retentionem
509 807 546 868 de
562 805 671 868 divino
687 804 831 882 imperio.
944 800 1019 863 uum
1035 801 1120 881 qubd
1133 805 1296 884 Scriptura
1311 807 1477 870 consuevit
1489 807 1609 886 ubique
1624 805 1730 870 flatuu·

101 883 154 944 ad
184 885 390 946 secundum
415 885 581 945 dicendum
609 883 694 962 qubd
717 879 893 946 secundum
932 888 1114 944 uenturum
1129 883 1392 947 Ileoattribucre.

64 963 339 1041 augustinum,
359 965 414 1024 lib.
431 965 465 1024 lt
483 963 520 1025 de
537 963 629 1024 Civit.
654 961 728 1033 Ilei,
750 977 820 1038 cap.
836 959 891 1034 33,
984 959 1042 1020 Sed
1065 962 1239 1024 seeundum
1266 967 1394 1025 sanctos
1418 964 1644 1043 perspiritum
1666 965 1733 1028 Do-

62 1039 142 1101 circ.
166 1039 265 1112 fin„
293 1061 353 1120 per
377 1045 490 1104 oculum
505 1042 694 1122 intelligitur
716 1041 891 1119 spiritualis
944 1040 1021 1098 mini
1041 1041 1230 1120 intelligitur
1240 1042 1378 1120 Spiritus
1389 1047 1531 1112 sanctus,
1547 1045 1602 1182 pul
1617 1043 1734 1107 dieitur
1769 1069 1772 1074 ·

63 1124 194 1180 enatura
213 1119 399 1193 informis,
418 1140 476 1200 per
491 1125 609 1182 terram
626 1124 732 1183 autern
757 1119 892 1182 materia
943 1119 1118 1196 superferri
1137 1137 1241 1198 aque,
1257 1121 1342 1182 idest
1358 1123 1499 1185 materiae
1514 1123 1546 1184 in
1560 1123 1658 1196 ormi,
1674 1142 1733 1185 se·-

63 1197 232 1260 informis
269 1201 420 1260 omnium
446 1217 637 1278 corporum3
665 1201 695 1260 et
723 1197 768 1260 sie
801 1198 892 1260 nulla
943 1196 1085 1257 cundum
1112 1199 1162 1260 Au
1185 1200 1340 1272 ustinum‚
1369 1201 1424 1262 lib.
1450 1202 1731 1281 impertimus..

63 1285 235 1340 creatura
257 1283 317 1339 est
327 1281 551 1356 pretermissa.
942 1291 1013 1352 eap.
1041 1276 1072 1346 7,
1101 1277 1132 1336 in
1156 1217 1229 1350 in,
1251 1298 1292 1341 ne
1316 1279 1459 1342 facienda
1485 1281 1527 1362 (l)
1549 1297 1648 1360 opera
1673 1299 1732 1346 sua

104 1357 323 1418 Secundino
337 1359 489 1419 Basiliam
503 1357 590 1429 verb,
606 1355 720 1418 homi
739 1355 889 1429 lienam,
942 1357 1073 1432 propter
1098 1355 1279 1436 indigentiae
1311 1359 1533 1420 necessitatem
1563 1363 1732 1438 putaretur

63 1439 140 1512 post
168 1436 301 1510 med.,
324 1443 490 1515 ponuntur
513 1437 627 1498 cretum
651 1439 683 1497 et
704 1439 790 1496 terra
816 1439 891 1496 tan·
941 1431 1026 1493 Deus
1047 1449 1167 1496 amare.
1199 1435 1383 1516 indigentiae
1409 1439 1494 1499 enim
1522 1453 1613 1500 amor
1633 1440 1731 1500 rebus

64 1512 172 1590 quim
200 1513 286 1576 duo
298 1519 454 1586 extrema,
481 1520 516 1576 ut
533 1535 574 1578 ex
596 1515 645 1575 his
671 1514 769 1574 intelli
794 1519 891 1574 antur
941 1527 1023 1588 quas
1039 1511 1151 1592 diligit,
1172 1513 1353 1610 subjicitur.
1369 1514 1540 1578 Commodi
1555 1522 1661 1579 autem
1677 1518 1722 1580 fa-

65 1592 202 1664 rnedia;
236 1593 410 1672 precipui
435 1595 511 1673 quia
541 1593 684 1654 omnium
711 1531 889 1655 mediorum
941 1593 1026 1650 ctum
1051 1597 1099 1654 est
1120 1597 1156 1653 ut
1176 1595 1265 1672 prius
1290 1595 1513 1658 insinuaretur
1534 1595 1654 1673 aliquid
1674 1597 1732 1657 in-

67 1675 183 1734 motus
201 1673 270 1734 vel
299 1673 399 1736 estad
426 1673 553 1747 oculum,
570 1675 607 1736 ut
630 1673 761 1744 levium,
778 1670 830 1734 vel
848 1670 888 1735 ad
940 1668 1103 1742 cboatum,
1120 1673 1170 1733 cui
1185 1673 1359 1752 superferri
1373 1673 1543 1736 diceretur.
1557 1675 1627 1735 Non
1645 1677 1730 1738 enim

67 1755 214 1824 terram,
237 1758 285 1813 ut
301 1753 457 1832 gravium.
940 1748 1140 1826 superfertur
1153 1751 1234 1824 loco,
1247 1751 1300 1812 sed
1314 1753 1556 1830 praeexecllente
1568 1753 1729 1832 potentii,

107 1827 177 1890 illu
199 1831 296 1894 verb
321 1830 429 1893 dicunt
452 1829 537 1909 qubd
558 1832 618 1892 sub
642 1829 771 1890 nomine
794 1833 888 1892 terres
939 1829 976 1885 ut
1000 1828 1198 1907 Augustinus
1227 1831 1302 1893 dicit
1324 1849 1422 1910 super
1442 1830 1557 1892 Genes.
1586 1830 1625 1894 ad
1646 1831 1728 1904 lut..

70 1909 369 1986 comprehendere
385 1909 466 1972 solet
489 1910 652 1988 Scriptura
668 1909 777 1970 omnia
802 1925 888 1986 qna·
939 1902 999 1965 loc.
1016 1908 1069 1968 eit.
1090 1907 1269 1970 Secundum
1295 1909 1449 1972 Basillum
1464 1909 1551 1983 verb,
1567 1909 1728 1972 homiln

70 1991 145 2046 tuor
162 1989 363 2061 elementa3
379 1987 464 2050 unde
487 1989 520 2048 in
536 1988 650 2066 psalm.
665 1985 733 2060 ltu,
746 1987 777 2058 7,
794 1989 887 2064 post·
937 1981 1094 2056 Herum,
1120 1983 1140 2050 d
1172 1988 1274 2060 med,
1303 1982 1555 2070 scepersercbntur
1583 1989 1728 2050 etcmcttto

71 2063 174 2140 quam
190 2066 414 2128 dictumest:
431 2067 567 2128 Lareclote
588 2065 755 2126 Dominum
772 2065 808 2126 cte
820 2073 887 2125 ter·
936 2081 1039 2140 (ιριιω,
1057 2065 1092 2126 ici
1113 2075 1167 2134 est,
1188 2065 1310 2148 [evcbot
1334 2077 1361 2128 ct
1380 2066 1560 2148 vivificabat
1583 2077 1729 2129 naturum

72 2145 441 2238 rdrsubditurdpeis.
460 2145 593 2224 prende,
611 2143 681 2212 nie,
697 2143 824 2222 pluries.
936 2159 1023 2232 uque
1041 2142 1082 2204 od
1104 2145 1340 2207 similitudieem
1364 2146 1490 2226 pultine
1508 2147 1543 2208 in
1569 2145 1727 2216 credentis,

112 2223 162 2284 Ad
180 2227 328 2287 tertium
343 2212 510 2286 dicendum
529 2223 613 2302 qubd
633 2223 664 2282 in
682 2239 777 2300 opere
789 2239 886 2284 ccca-
936 2221 1061 2282 ertatem
1081 2222 1228 2284 uirtutem
1241 2221 1289 2286 bis
1306 2243 1373 2305 que
1384 2225 1550 2306 [necetur.
1566 2225 1725 2305 injiciens.

75 2301 175 2362 tionis
191 2305 338 2382 ponitur
353 2303 474 2382 aliquid
491 2301 743 2380 correspondens
757 2301 785 2362 ei
797 2301 882 2380 quod
936 2297 1039 2360 Habet
1053 2302 1138 2362 euim
1152 2317 1237 2382 aqua
1251 2303 1410 2384 precipue
1420 2303 1548 2366 vitalem
1563 2303 1725 2379 virtutem,

73 2379 198 2442 dicitur
210 2383 250 2442 in
266 2400 363 2460 opere
377 2381 588 2443 distinctionis
606 2386 637 2442 et
651 2379 784 2441 ornatds
801 2401 809 2440 ι
830 2381 886 2442 t'i-
936 2379 1014 2454 quia
1036 2380 1176 2458 plurima
1190 2381 1344 2446 arrimalia
1356 2387 1552 2463 generantur
1573 2383 1606 2444 in
1623 2383 1726 2461 aqud,

77 2458 121 2518 dit
140 2461 234 2522 Deus
251 2463 316 2523 hoo
330 2462 379 2522 vel
393 2461 469 2522 illud
483 2463 694 2523 essebonum.
937 2461 969 2514 et
981 2459 1127 2518 emnium
1147 2460 1336 2522 animalium
1359 2463 1482 2524 semina
1495 2465 1570 2524 sunt
1583 2462 1725 2526 humida.

115 2539 165 2598 Ad
197 2541 302 2619 cujus
328 2540 519 2602 evidentiam
545 2535 811 2600 considerandum
836 2541 883 2598 est
936 2533 1009 2596 Vita
1024 2536 1119 2598 etiam
1131 2537 1307 2614 spiritualis
1319 2540 1414 2603 datur
1426 2559 1484 2618 per
1503 2557 1622 2617 aquam
1644 2543 1727 2620 bap-

78 2616 164 2692 uubd
183 2618 333 2698 Spiritus
354 2628 484 2680 sanctus
499 2619 590 2678 ambr
612 2621 670 2678 est.
683 2617 753 2676 Dun
775 2620 883 2676 autem
935 2612 1038 2686 tismi;
1056 2615 1138 2676 uncle
1154 2617 1269 2680 dicitur
1284 2619 1377 2680 toan.
1398 2619 1428 2688 3,
1444 2617 1463 2678 5
1479 2639 1486 2678 :
1500 2617 1574 2682 Nisi
1591 2619 1660 2699 quis
1675 2639 1726 2681 re-

80 2700 167 2768 sunt,
186 2704 229 2758 ut
245 2697 447 2778 Augustinus
463 2697 549 2768 dicit,
566 2697 581 2756 1
598 2713 695 2772 super
710 2695 826 2755 Genes.
842 2694 882 2756 ad
934 2700 1028 2752 notus
1049 2695 1146 2774 feccrit
1174 2715 1213 2756 ee
1231 2699 1311 2776 uqrcd
1323 2705 1350 2758 et
1365 2696 1492 2776 Spiritu
1512 2705 1641 2767 cuncto,
1660 2718 1726 2762 nen

79 2772 157 2846 litt,
171 2795 253 2856 cap.
270 2777 301 2850 8,
325 2781 456 2855 propter
469 2792 541 2854 quau
554 2776 639 2836 Deus
653 2777 740 2835 amat
755 2777 884 2834 creatu-
929 2779 1035 2848 potest
1054 2772 1188 2834 introire
1203 2775 1238 2836 iu
1257 2793 1384 2854 reprcunt
1403 2776 1473 2838 Dei.

82 2869 151 2914 ram
179 2873 294 2926 suam,
320 2855 438 2916 scilicet
456 2859 492 2914 ut
509 2855 615 2926 sit,et
630 2857 665 2913 ut
685 2857 880 2930 permaneat.
974 2850 1020 2910 dd
1046 2852 1193 2927 quintum
1222 2853 1391 2916 dicendum
1426 2853 1510 2932 qubd
1546 2853 1721 2918 secundum

82 2929 211 3014 ttcrgo
229 2934 413 3012 essetquod
428 2935 643 3012 permaneret,
659 2931 776 2992 dicitur
797 2930 882 3008 qubd
934 2926 1168 3005 Augustinunr,
1185 2932 1200 2992 1
1225 2951 1322 3011 super
1336 2935 1415 2995 Gen.
1430 2935 1468 2996 ad
1484 2935 1557 3008 litt,
1569 2953 1596 2996 c.
1611 2933 1647 3008 8,
1667 2953 1725 3014 per

85 3009 232 3086 Spiritus
243 3014 301 3074 Dei
309 3011 467 3094 serebatur
479 3029 573 3091 super
587 3029 695 3090 apicas,
707 3008 883 3070 secunaum
934 3005 988 3068 illa
1008 3008 1067 3071 tria
1084 3009 1270 3090 designatur
1283 3013 1396 3090 triplex
1408 3031 1477 3076 esse
1492 3013 1724 3076 rerumPrimb

85 3089 167 3162 qubd
178 3111 243 3169 per
253 3109 370 3170 aquarn
381 3089 666 3152 nratcrialnformis
680 3088 879 3166 intelligitnr;
934 3085 1061 3223 guidem
1078 3107 1147 3149 csse
1163 3109 1270 3151 cerum
1285 3092 1317 3152 in
1332 3093 1456 3165 Verbo,
1478 3111 1535 3171 per
1552 3091 1614 3154 hoe
1637 3094 1723 3172 quod

86 3167 166 3230 sicut
189 3187 290 3233 amer
314 3171 445 3234 artificis
468 3169 568 3230 fertur
590 3187 689 3246 super
716 3168 882 3228 materiam
956 3167 1015 3224 nu
1031 3186 1038 3225 :
1056 3167 1143 3227 Fint.
1165 3167 1308 3230 Secundb
1327 3189 1397 3232 esse
1425 3189 1534 3232 rerum
1562 3170 1595 3232 in
1617 3176 1723 3234 mente

87 3245 246 3326 aliquam,
261 3253 297 3309 nt
311 3248 400 3312 exea
415 3248 528 3309 formet
541 3267 633 3325 opus.
647 3247 801 3308 litautem
815 3263 882 3307 ma·
934 3245 1090 3322 angelica,
1114 3265 1172 3324 per
1197 3247 1257 3310 boc
1283 3249 1368 3326 qrrod
1392 3249 1472 3311 dixit
1489 3269 1496 3308 ε
1513 3249 1647 3312 Festum
1666 3259 1720 3312 est.

88 3332 175 3387 neret
187 3327 278 3406 quod
294 3329 421 3398 fecerat,
432 3328 549 3388 dieitur
566 3347 573 3386 :
596 3327 682 3385 l'iclit
703 3327 782 3384 ficus
799 3325 883 3406 perdet
933 3321 1040 3384 Tertiis
1054 3343 1124 3385 csse
1137 3343 1244 3387 rerum
1261 3327 1292 3388 in
1308 3327 1436 3406 proprisi
1447 3327 1575 3400 naturd,
1589 3347 1648 3407 per
1661 3330 1723 3392 hoe

91 3415 157 3464 esset
172 3405 304 3468 beurim.
321 3409 356 3468 ln
382 3407 441 3468 boe
464 3409 548 3466 enim
571 3405 769 3483 significatur
791 3421 883 3481 qua-
934 3401 1019 3478 quod
1034 3401 1114 3462 dixit
1131 3423 1137 3461 :
1155 3405 1255 3464 Fecit.
1272 3405 1311 3467 Et
1327 3407 1404 3485 quia
1427 3406 1460 3467 in
1481 3405 1584 3486 primi
1604 3407 1654 3470 die
1669 3407 1722 3472 de·

91 3479 158 3542 dam
174 3505 249 3545 rom
264 3487 412 3548 »tacentia
432 3485 488 3546 llei
512 3484 633 3562 opificis
660 3483 691 3542 in
719 3500 752 3543 re
780 3480 879 3554 facul3
933 3481 1084 3540 scribitur
1109 3481 1256 3545 foeneratio
1272 3486 1484 3564 Angelorum,
1510 3503 1575 3549 non
1591 3486 1724 3550 fuitne-

90 3577 150 3621 non
169 3505 263 3642 quini
283 3565 347 3625 alio
370 3565 462 3624 mocio
489 3566 784 3642 cognosceremur
806 3562 881 3638 pla·
934 3575 1022 3620 cesse
1037 3566 1072 3619 ut
1085 3559 1126 3620 ibi
1142 3561 1311 3624 adderetur
1328 3585 1335 3622 :
1354 3563 1455 3625 Fecit.

91 3644 218 3704 cerulei
237 3649 383 3704 creatura
399 3643 562 3722 jamfacta
584 3639 680 3720 qcreim
705 3644 879 3716 antequam
972 3638 1149 3700 Secundum
1170 3641 1250 3702 alins
1270 3643 1346 3704 verb
1370 3648 1473 3722 potest
1495 3643 1555 3705 dici
1580 3642 1664 3723 qubd
1687 3645 1720 3706 in

92 3715 219 3784 faceret.
239 3721 278 3781 Et
300 3723 346 3784 sie
368 3723 400 3782 in
424 3725 561 3799 utroque
587 3738 683 3798 opere
709 3718 879 3782 creationis
934 3713 994 3778 hoe
1017 3717 1102 3795 qcrod
1121 3720 1195 3782 dicit
1213 3721 1419 3783 :atrienses
1435 3723 1721 3802 :Fiut,irnporta-

92 3801 120 3856 ct
129 3797 333 3862 formationis
362 3801 486 3862 trinitas
502 3816 711 3878 personarum
728 3798 880 3860 insinua·
934 3799 986 3855 tur
999 3797 1039 3855 im
1067 3797 1165 3859 crium
1177 3799 1233 3860 Dei
1250 3800 1286 3861 de
1306 3800 1460 3874 faciendo;
1473 3823 1529 3880 per
1542 3803 1718 3865 bocautem

93 3877 150 3936 tur.
169 3881 206 3940 ln
224 3882 386 3942 creatione
403 3879 530 3958 quidem
548 3893 685 3956 persona
701 3877 802 3937 Patris
823 3895 880 3956 per
932 3874 1016 3951 quod
1033 3815 1107 3936 Facu
1122 3897 1128 3936 :
1145 3879 1276 3940 lucum
1297 3889 1353 3954 est,
1370 3881 1560 3958 importatur
1573 3883 1719 3960 comple-

91 3951 188 4018 Ifcum
217 3965 392 4030 creantem,
421 3975 559 4036 persona
586 3957 657 4016 Filii
679 3975 736 4032 per
758 3957 881 4034 princi-
932 3959 1074 4014 mentum
1097 3958 1214 4033 operis.
1240 3959 1389 4036 Opectuit
1415 3964 1521 4020 autem
1541 3963 1577 4020 ut
1599 3960 1719 4022 subde-

94 4037 187 4108 pium,
216 4037 248 4096 in
275 4055 340 4115 quo
370 4038 506 4106 crearil;
537 4040 567 4096 et
585 4050 724 4112 persona
744 4033 878 4111 Spiritus
932 4037 1042 4104 retur,
1080 4037 1240 4110 ecrenmdb
1283 4037 1398 4098 facturn
1438 4037 1520 4111 fuit,
1558 4037 1718 4130 precipue

94 4115 192 4174 sancti
216 4134 274 4194 per
301 4117 447 4194 spiritum
472 4116 527 4192 qrrf
550 4113 750 4192 superfertur
771 4115 875 4189 crucris.
932 4117 1061 4188 propter
1087 4111 1157 4172 illos
1186 4113 1242 4190 qui
1273 4115 1423 4176 dixerunt
1446 4117 1555 4179 omnia
1579 4115 1717 4179 visibilia

94 4189 125 4248 ln
140 4191 334 4256 formatione
350 4195 426 4257 verb
440 4211 575 4272 persona
588 4193 687 4253 Patris
703 4193 734 4250 in
750 4191 816 4251 Deo
827 4193 879 4250 di-
930 4207 988 4266 per
1002 4191 1141 4268 ,drrgclos
1158 4189 1250 4254 factu.
1266 4195 1303 4254 Et
1317 4193 1386 4254 ideb
1406 4195 1444 4256 ud
1465 4194 1526 4257 hoc
1545 4213 1718 4256 removen-

95 4279 190 4344 cente,
209 4291 347 4350 persona
359 4273 434 4334 verb
450 4274 519 4334 Filii
543 4273 574 4332 in
591 4273 695 4330 Verbo
718 4287 783 4348 quo
798 4270 871 4329 dici-
930 4267 1018 4340 dum,
1034 4269 1182 4328 subditur
1194 4271 1281 4348 ‚qubd
1295 4273 1362 4350 ipse
1381 4273 1465 4334 Deus
1486 4272 1568 4334 fecit.
1582 4273 1668 4342 Unde
1684 4274 1716 4336 in

95 4351 151 4421 tur,
166 4368 309 4430 persona
323 4351 458 4430 Spiritus
475 4351 575 4412 sancti
591 4353 621 4411 in
636 4349 876 4426 complacentia,
931 4346 1065 4426 singulis
1081 4349 1245 4426 operibus,
1261 4349 1430 4429 postquam
1441 4351 1577 4414 dicitur:
1594 4351 1639 4415 Et
1652 4354 1718 4432 suc-

95 4427 152 4502 qui
175 4432 256 4492 vidit
283 4431 366 4494 Deus
395 4450 466 4494 esse
495 4433 616 4492 bonum
648 4427 733 4508 quod
759 4428 878 4489 laetum
931 4431 994 4484 tntu
1007 4434 1062 4496 cst,
1078 4427 1195 4504 uliquis
1209 4434 1298 4492 actus
1311 4430 1368 4491 Dei
1379 4431 1536 4503 subditur,
1552 4432 1614 4502 vel,
1630 4433 1715 4514 [ecit.

95 4515 166 4570 erat.
929 4503 991 4572 rel,
1003 4504 1164 4576 (fisticum,
1178 4508 1237 4584 rel,
1253 4510 1375 4571 vocer-u
1384 4554 1392 4578 ,
1405 4511 1455 4572 rel
1471 4510 1590 4589 aliquid
1605 4511 1717 4592 liujus-

77 4611 82 4653 l
129 4587 162 4648 ln
177 4607 277 4666 opere
302 4587 377 4651 verb
401 4587 621 4649 sccundoedici
636 4605 701 4647 non
722 4585 874 4664 ponitur:
930 4584 1024 4644 modi.

100 4661 179 4728 l'ntit
197 4669 276 4728 fieus
287 4667 371 4747 pratu
383 4676 457 4728 esset
476 4665 697 4742 decrementa
713 4683 793 4742 epus
809 4665 877 4725 dis-
970 4663 1014 4722 dd
1027 4667 1153 4726 sextum
1170 4665 1337 4728 dicendum
1353 4667 1437 4746 qubd
1451 4665 1624 4730 seeundum
1644 4669 1716 4730 llu-

81 4743 255 4818 ,tinctionis
280 4765 438 4826 aquarum
467 4751 543 4805 tune
579 4745 817 4809 incbealur,cl
843 4745 875 4804 in
929 4742 1715 4826 pustinurndib.bsupechn,adlitt.,cap.22el
1765 4741 1771 4754 ’

98 4826 182 4888 terlio
197 4826 258 4888 -die
277 4827 450 4903 perficitur.
481 4825 567 4886 ilerde
590 4822 675 4902 qtlnd
693 4821 823 4898 ponitur
843 4823 874 4882 in
928 4819 979 4888 30,
995 4839 1051 4896 per
1076 4840 1207 4900 vespere
1228 4829 1258 4884 ct
1272 4841 1366 4885 inane
1378 4826 1566 4904 intelligitur
1579 4843 1715 4904 vesper-

97 4903 182 4964 terlio
196 4904 247 4964 die
272 4903 409 4966 refertur
429 4904 524 4965 etiam
545 4903 583 4962 ad
604 4901 790 4962 secundnm.
818 4903 874 4962 Vel
930 4899 993 4958 tina
1010 4905 1041 4958 ct
1055 4901 1211 4963 matutina
1227 4904 1366 4982 cognitio
1382 4905 1414 4964 in
1431 4905 1577 4984 Angelis3
1590 4905 1628 4966 de
1643 4905 1715 4984 qui-

97 4983 165 5054 quia
183 4984 343 5044 distinctio
355 5000 427 5061 quae
441 4983 572 5060 ponitur
584 4977 723 5041 secunda
736 4979 805 5048 dio,
828 4985 876 5039 cst
929 4977 987 5037 bus
1003 4977 1120 5037 dictum
1134 4985 1181 5039 cst
1193 4999 1303 5058 supra,
1317 5000 1372 5060 qu.
1387 4981 1437 5054 58,
1449 4987 1509 5044 art.
1525 4983 1588 5044 uec
1598 4983 1629 5042 7.

97 5057 128 5122 lle
142 5063 190 5124 bis
206 5081 279 5140 (luce
296 5079 359 5122 nen
372 5066 448 5126 sunt
465 5059 629 5120 manifesta
653 5059 789 5136 popnl03
805 5059 875 5118 idcb
967 5055 1024 5115 Vel
1042 5055 1217 5118 secundine
1235 5061 1404 5134 basilium,
1419 5060 1504 5123 burn.
1522 5061 1712 5134 Silerum„

98 5135 271 5219 hujusmodi
289 5140 518 5218 approbatione
537 5139 699 5214 Scriptura
728 5153 791 5196 ntln
809 5137 876 5198 uli·
928 5151 992 5194 ncrn
1008 5135 1161 5198 remoldi
1179 5137 1251 5208 fen..
1269 5144 1376 5202 tolum
1400 5145 1525 5218 tempus
1549 5142 1716 5202 consuevit

99 5221 152 5278 tur.
169 5220 224 5280 i‘cl
241 5216 355 5280 itcricnr
367 5223 496 5297 propter
512 5217 570 5277 boe
585 5216 668 5294 qulul
688 5215 875 5276 breriamcn-
928 5211 1126 5275 denominari
1149 5213 1169 5279 ei
1192 5216 1410 5298 principaliori
1436 5223 1539 5297 percle,
1558 5217 1714 5284 seilicetd

98 5299 156 5358 tuna
183 5299 370 5376 simpliciter
397 5297 586 5374 intelligitur
608 5311 664 5356 aer
690 5295 873 5364 nubilosus,
927 5291 989 5362 dic,
1005 5291 1180 5356 secundum
1195 5296 1279 5374 qubd
1292 5298 1373 5358 dixit
1391 5299 1490 5358 Jacob
1507 5319 1514 5357 :
1534 5298 1604 5358 Dies
1618 5317 1715 5378 pere-

99 5379 145 5450 uni
173 5395 238 5438 non
260 5382 308 5438 est
331 5376 369 5436 de
392 5375 536 5454 partibus
560 5374 820 5450 permanentibus
842 5375 872 5434 in
927 5369 1118 5447 priuatieois
1143 5393 1223 5443 mee,
1254 5376 1344 5440 nulla
1373 5377 1535 5437 mentione
1568 5375 1651 5442 faeti
1675 5377 1714 5438 de

100 5457 251 5527 canense,
267 5455 370 5517 seude
383 5455 524 5532 partibus
541 5452 770 5530 principalibus
782 5471 874 5512 rrrun-
928 5454 1031 5510 nocte.
1054 5451 1193 5530 Vespere
1217 5459 1323 5517 autem
1337 5457 1473 5517 ctmane
1493 5458 1658 5534 ponuntur
1679 5461 1713 5517 ut

98 5531 132 5592 di.
146 5535 183 5596 lu
195 5535 252 5596 bas
266 5538 329 5595 tres
345 5535 485 5594 rationes
503 5531 602 5594 llabbi
619 5531 742 5609 ltluyses
764 5531 871 5608 ponit,
929 5527 1053 5588 termini
1068 5528 1143 5604 clici,
1159 5531 1249 5610 eujus
1263 5551 1357 5595 mane
1376 5537 1424 5594 est
1439 5533 1644 5612 principium,
1658 5535 1713 5598 sed

99 5609 143 5674 lib.
156 5613 175 5672 2
186 5613 425 5690 l‘ecplexorum.
436 5610 570 5684 Quidam
586 5612 692 5671 autern
707 5611 874 5688 assignant
927 5624 1059 5683 vespere
1077 5606 1159 5671 fenis.
1177 5611 1233 5672 Vel
1247 5610 1323 5689 quia
1341 5631 1398 5690 per
1411 5631 1544 5691 vespere
1557 5611 1713 5690 designa-
1807 5621 1809 5624 ’

100 5693 243 5752 rationem
266 5693 430 5751 mesticanr
453 5707 492 5750 es
512 5693 602 5767 parte
628 5687 772 5759 numeri,
795 5689 872 5766 quia
927 5688 980 5745 tur
1002 5687 1193 5766 principium
1211 5691 1323 5768 noctis,
1337 5709 1394 5769 per
1412 5709 1506 5754 mane
1521 5692 1713 5772 principium

100 5768 231 5832 binarius
250 5756 436 5830 ab'unitate
459 5770 598 5841 recedit;
615 5767 697 5830 unde
718 5785 799 5846 opus
816 5787 872 5830 se-
964 5781 1002 5852 (t)
1017 5785 1051 5837 tce
1079 5786 1211 5844 lluolalus
1235 5805 1295 5846 ((ιιιι
1318 5790 1456 5862 :tergestini
1470 5793 1616 5852 codicibus
1632 5793 1713 5861 bete,

100 5853 197 5912 curedo:
212 5851 272 5912 dici
287 5867 350 5911 uuu
365 5849 571 5920 approbatur.
927 5855 1051 5921 feriende.
