<?xml version="1.0" encoding="UTF-8"?>
<!DOCTYPE html PUBLIC "-//W3C//DTD XHTML 1.0 Transitional//EN"
    "http://www.w3.org/TR/xhtml1/DTD/xhtml1-transitional.dtd">
<html xmlns="http://www.w3.org/1999/xhtml" xml:lang="en" lang="en">
 <head>
  <title>
</title>
<meta http-equiv="Content-Type" content="text/html;charset=utf-8" />
  <meta name='ocr-system' content='tesseract 3.04.00' />
  <meta name='ocr-capabilities' content='ocr_page ocr_carea ocr_par ocr_line ocrx_word'/>
</head>
<body>
  <div class='ocr_page' id='page_1' title='image "./divithomaeaquin00rubegoog/divithomaeaquin00rubegoog_0223.png"; bbox 0 0 3970 6334; ppageno 0'>
   <div class='ocr_carea' id='block_1_1' title="bbox 286 251 1962 370">
    <p class='ocr_par' dir='ltr' id='par_1_1' title="bbox 286 251 1962 370">
     <span class='ocr_line' id='line_1_1' title="bbox 286 251 1962 370; baseline -0.004 -12"><span class='ocrx_word' id='word_1_1' title='bbox 286 299 340 360; x_wconf 83' lang='lat' dir='ltr'><strong>aa</strong></span> <span class='ocrx_word' id='word_1_2' title='bbox 748 251 755 268; x_wconf 61' lang='grc'><strong>’</strong></span> <span class='ocrx_word' id='word_1_3' title='bbox 954 297 1000 356; x_wconf 85' lang='lat' dir='ltr'><strong>ns</strong></span> <span class='ocrx_word' id='word_1_4' title='bbox 1018 295 1266 358; x_wconf 81' lang='lat' dir='ltr'><strong>sternamus.</strong></span> <span class='ocrx_word' id='word_1_5' title='bbox 1333 253 1359 370; x_wconf 45' lang='lat' dir='ltr'>s</span> <span class='ocrx_word' id='word_1_6' title='bbox 1907 283 1962 352; x_wconf 75' lang='lat' dir='ltr'><strong>aa</strong></span> 
     </span>
    </p>
   </div>
   <div class='ocr_carea' id='block_1_2' title="bbox 222 409 1083 5854">
    <p class='ocr_par' dir='ltr' id='par_1_2' title="bbox 264 409 1083 2302">
     <span class='ocr_line' id='line_1_2' title="bbox 286 409 1080 480; baseline -0.005 -9"><span class='ocrx_word' id='word_1_7' title='bbox 286 414 381 480; x_wconf 88' lang='lat' dir='ltr'><strong>laudis,</strong></span> <span class='ocrx_word' id='word_1_8' title='bbox 393 412 441 472; x_wconf 85' lang='lat' dir='ltr'><strong>sed</strong></span> <span class='ocrx_word' id='word_1_9' title='bbox 454 413 584 472; x_wconf 66' lang='lat' dir='ltr'><strong>munte</strong></span> <span class='ocrx_word' id='word_1_10' title='bbox 594 409 758 470; x_wconf 72' lang='lat' dir='ltr'><strong>seminanda.</strong></span> <span class='ocrx_word' id='word_1_11' title='bbox 777 411 907 469; x_wconf 71' lang='lat' dir='ltr'><strong>veritatis.</strong></span> <span class='ocrx_word' id='word_1_12' title='bbox 916 410 989 469; x_wconf 90' lang='lat' dir='ltr'><strong>ldem</strong></span> <span class='ocrx_word' id='word_1_13' title='bbox 1001 411 1080 479; x_wconf 85' lang='lat' dir='ltr'><strong>alibi,</strong></span> 
     </span>
     <span class='ocr_line' id='line_1_3' title="bbox 287 481 1081 557; baseline -0.005 -16"><span class='ocrx_word' id='word_1_14' title='bbox 287 486 321 541; x_wconf 91' lang='lat' dir='ltr'><strong>de</strong></span> <span class='ocrx_word' id='word_1_15' title='bbox 337 485 409 540; x_wconf 86' lang='lat' dir='ltr'><strong>iiono</strong></span> <span class='ocrx_word' id='word_1_16' title='bbox 430 485 572 557; x_wconf 78' lang='lat' dir='ltr'><strong>coniugali,</strong></span> <span class='ocrx_word' id='word_1_17' title='bbox 588 501 613 541; x_wconf 90' lang='lat' dir='ltr'><strong>c.</strong></span> <span class='ocrx_word' id='word_1_18' title='bbox 626 485 659 541; x_wconf 85' lang='lat' dir='ltr'><strong>ll</strong></span> <span class='ocrx_word' id='word_1_19' title='bbox 674 483 816 556; x_wconf 85' lang='lat' dir='ltr'><strong>:Antiquis</strong></span> <span class='ocrx_word' id='word_1_20' title='bbox 836 483 1000 554; x_wconf 76' lang='lat' dir='ltr'><strong>temporibus</strong></span> <span class='ocrx_word' id='word_1_21' title='bbox 1020 481 1081 537; x_wconf 84' lang='lat' dir='ltr'><strong>edm</strong></span> 
     </span>
     <span class='ocr_line' id='line_1_4' title="bbox 290 551 1082 632; baseline -0.005 -20"><span class='ocrx_word' id='word_1_22' title='bbox 290 555 583 613; x_wconf 82' lang='lat' dir='ltr'><strong>adhaesalutisuostrae</strong></span> <span class='ocrx_word' id='word_1_23' title='bbox 596 555 752 628; x_wconf 77' lang='lat' dir='ltr'><strong>mysterium</strong></span> <span class='ocrx_word' id='word_1_24' title='bbox 767 555 909 632; x_wconf 76' lang='lat' dir='ltr'><strong>velaretur,</strong></span> <span class='ocrx_word' id='word_1_25' title='bbox 916 553 980 623; x_wconf 84' lang='lat' dir='ltr'><strong>justi</strong></span> <span class='ocrx_word' id='word_1_26' title='bbox 994 551 1082 610; x_wconf 87' lang='lat' dir='ltr'><strong>alticio</strong></span> 
     </span>
     <span class='ocr_line' id='line_1_5' title="bbox 288 623 1080 699; baseline -0.005 -17"><span class='ocrx_word' id='word_1_27' title='bbox 288 627 452 698; x_wconf 90' lang='lat' dir='ltr'><strong>propagandi</strong></span> <span class='ocrx_word' id='word_1_28' title='bbox 462 629 567 699; x_wconf 76' lang='lat' dir='ltr'>nuptias</span> <span class='ocrx_word' id='word_1_29' title='bbox 589 626 798 692; x_wconf 86' lang='lat' dir='ltr'><strong>eerttrahebant,</strong></span> <span class='ocrx_word' id='word_1_30' title='bbox 811 640 864 680; x_wconf 83' lang='lat' dir='ltr'><strong>noar</strong></span> <span class='ocrx_word' id='word_1_31' title='bbox 881 625 941 680; x_wconf 88' lang='lat' dir='ltr'><strong>victi</strong></span> <span class='ocrx_word' id='word_1_32' title='bbox 955 623 1080 684; x_wconf 77' lang='lat' dir='ltr'><strong>libidine.</strong></span> 
     </span>
     <span class='ocr_line' id='line_1_6' title="bbox 288 696 1083 768; baseline -0.004 -16"><span class='ocrx_word' id='word_1_33' title='bbox 288 697 336 753; x_wconf 88' lang='lat' dir='ltr'><strong>sed</strong></span> <span class='ocrx_word' id='word_1_34' title='bbox 346 698 418 756; x_wconf 89' lang='lat' dir='ltr'><strong>ducti</strong></span> <span class='ocrx_word' id='word_1_35' title='bbox 432 699 546 768; x_wconf 81' lang='lat' dir='ltr'><strong>pietate;</strong></span> <span class='ocrx_word' id='word_1_36' title='bbox 561 699 606 768; x_wconf 84' lang='lat' dir='ltr'><strong>qui</strong></span> <span class='ocrx_word' id='word_1_37' title='bbox 620 697 812 754; x_wconf 87' lang='lat' dir='ltr'><strong>multbiacilibs</strong></span> <span class='ocrx_word' id='word_1_38' title='bbox 823 696 960 751; x_wconf 84' lang='lat' dir='ltr'><strong>continere</strong></span> <span class='ocrx_word' id='word_1_39' title='bbox 973 704 1083 765; x_wconf 87' lang='lat' dir='ltr'><strong>possent</strong></span> 
     </span>
     <span class='ocr_line' id='line_1_7' title="bbox 287 765 1081 837; baseline -0.003 -15"><span class='ocrx_word' id='word_1_40' title='bbox 287 779 314 823; x_wconf 91' lang='grc' dir='ltr'><strong>ει</strong></span> <span class='ocrx_word' id='word_1_41' title='bbox 325 769 433 824; x_wconf 84' lang='lat' dir='ltr'><strong>uellent.</strong></span> <span class='ocrx_word' id='word_1_42' title='bbox 448 769 691 826; x_wconf 87' lang='lat' dir='ltr'><strong>Utebanturtamen</strong></span> <span class='ocrx_word' id='word_1_43' title='bbox 705 767 873 837; x_wconf 84' lang='lat' dir='ltr'><strong>conjugibus,</strong></span> <span class='ocrx_word' id='word_1_44' title='bbox 890 774 917 822; x_wconf 91' lang='lat' dir='ltr'><strong>et</strong></span> <span class='ocrx_word' id='word_1_45' title='bbox 933 767 1021 834; x_wconf 78' lang='lat' dir='ltr'><strong>piures</strong></span> <span class='ocrx_word' id='word_1_46' title='bbox 1034 765 1081 821; x_wconf 92' lang='lat' dir='ltr'><strong>uni</strong></span> 
     </span>
     <span class='ocr_line' id='line_1_8' title="bbox 288 835 1082 910; baseline 0 -18"><span class='ocrx_word' id='word_1_47' title='bbox 288 839 345 895; x_wconf 89' lang='lat' dir='ltr'><strong>viro</strong></span> <span class='ocrx_word' id='word_1_48' title='bbox 358 838 456 898; x_wconf 87' lang='lat' dir='ltr'><strong>habere</strong></span> <span class='ocrx_word' id='word_1_49' title='bbox 468 839 582 906; x_wconf 87' lang='lat' dir='ltr'><strong>licebat;</strong></span> <span class='ocrx_word' id='word_1_50' title='bbox 594 853 660 910; x_wconf 82' lang='lat' dir='ltr'><strong>quas</strong></span> <span class='ocrx_word' id='word_1_51' title='bbox 670 837 769 894; x_wconf 80' lang='lat' dir='ltr'><strong>mstibs</strong></span> <span class='ocrx_word' id='word_1_52' title='bbox 782 837 904 904; x_wconf 86' lang='lat' dir='ltr'><strong>habebat,</strong></span> <span class='ocrx_word' id='word_1_53' title='bbox 920 835 999 907; x_wconf 81' lang='lat' dir='ltr'><strong>quim</strong></span> <span class='ocrx_word' id='word_1_54' title='bbox 1010 849 1082 892; x_wconf 88' lang='lat' dir='ltr'><strong>nune</strong></span> 
     </span>
     <span class='ocr_line' id='line_1_9' title="bbox 289 905 1080 980; baseline 0 -17"><span class='ocrx_word' id='word_1_55' title='bbox 289 923 368 964; x_wconf 90' lang='lat' dir='ltr'><strong>unam</strong></span> <span class='ocrx_word' id='word_1_56' title='bbox 384 909 494 980; x_wconf 74' lang='lat' dir='ltr'><strong>quilibet</strong></span> <span class='ocrx_word' id='word_1_57' title='bbox 513 911 625 967; x_wconf 85' lang='lat' dir='ltr'><strong>istorruu</strong></span> <span class='ocrx_word' id='word_1_58' title='bbox 647 911 674 964; x_wconf 95' lang='lat' dir='ltr'><strong>in</strong></span> <span class='ocrx_word' id='word_1_59' title='bbox 695 909 790 978; x_wconf 81' lang='lat' dir='ltr'><strong>auibus</strong></span> <span class='ocrx_word' id='word_1_60' title='bbox 804 908 926 962; x_wconf 88' lang='lat' dir='ltr'><strong>videmus</strong></span> <span class='ocrx_word' id='word_1_61' title='bbox 946 905 1017 977; x_wconf 79' lang='lat' dir='ltr'><strong>ryudd</strong></span> <span class='ocrx_word' id='word_1_62' title='bbox 1035 921 1080 963; x_wconf 90' lang='lat' dir='ltr'><strong>se·</strong></span> 
     </span>
     <span class='ocr_line' id='line_1_10' title="bbox 288 977 1081 1050; baseline -0.003 -16"><span class='ocrx_word' id='word_1_63' title='bbox 288 981 404 1035; x_wconf 85' lang='lat' dir='ltr'><strong>currdbm</strong></span> <span class='ocrx_word' id='word_1_64' title='bbox 425 983 529 1036; x_wconf 82' lang='lat' dir='ltr'><strong>verrium</strong></span> <span class='ocrx_word' id='word_1_65' title='bbox 543 980 665 1038; x_wconf 82' lang='lat' dir='ltr'><strong>correedit</strong></span> <span class='ocrx_word' id='word_1_66' title='bbox 686 979 838 1050; x_wconf 70' lang='lat' dir='ltr'><strong>Apostolus.</strong></span> <span class='ocrx_word' id='word_1_67' title='bbox 853 977 990 1032; x_wconf 86' lang='lat' dir='ltr'><strong>llabcbant</strong></span> <span class='ocrx_word' id='word_1_68' title='bbox 1009 977 1081 1032; x_wconf 93' lang='lat' dir='ltr'><strong>enim</strong></span> 
     </span>
     <span class='ocr_line' id='line_1_11' title="bbox 288 1047 1081 1120; baseline -0.001 -16"><span class='ocrx_word' id='word_1_69' title='bbox 288 1065 335 1106; x_wconf 90' lang='lat' dir='ltr'><strong>eas</strong></span> <span class='ocrx_word' id='word_1_70' title='bbox 347 1052 374 1106; x_wconf 94' lang='lat' dir='ltr'><strong>in</strong></span> <span class='ocrx_word' id='word_1_71' title='bbox 386 1067 467 1120; x_wconf 89' lang='lat' dir='ltr'><strong>opere</strong></span> <span class='ocrx_word' id='word_1_72' title='bbox 497 1052 633 1119; x_wconf 89' lang='lat' dir='ltr'><strong>enerandi‚</strong></span> <span class='ocrx_word' id='word_1_73' title='bbox 649 1066 702 1105; x_wconf 93' lang='lat' dir='ltr'><strong>uon</strong></span> <span class='ocrx_word' id='word_1_74' title='bbox 714 1051 740 1104; x_wconf 92' lang='lat' dir='ltr'><strong>in</strong></span> <span class='ocrx_word' id='word_1_75' title='bbox 755 1049 848 1106; x_wconf 78' lang='lat' dir='ltr'><strong>ritorbo</strong></span> <span class='ocrx_word' id='word_1_76' title='bbox 865 1048 999 1104; x_wconf 88' lang='lat' dir='ltr'><strong>desiderii.</strong></span> <span class='ocrx_word' id='word_1_77' title='bbox 1014 1047 1081 1103; x_wconf 91' lang='lat' dir='ltr'><strong>item</strong></span> 
     </span>
     <span class='ocr_line' id='line_1_12' title="bbox 287 1067 1082 1193; baseline -0.001 -18"><span class='ocrx_word' id='word_1_78' title='bbox 287 1121 454 1187; x_wconf 86' lang='lat' dir='ltr'><strong>Ambrosius,</strong></span> <span class='ocrx_word' id='word_1_79' title='bbox 472 1067 522 1188; x_wconf 54' lang='grc' dir='ltr'><strong>ξι,</strong></span> <span class='ocrx_word' id='word_1_80' title='bbox 537 1139 564 1193; x_wconf 86' lang='lat' dir='ltr'><strong>q.</strong></span> <span class='ocrx_word' id='word_1_81' title='bbox 578 1125 613 1188; x_wconf 83' lang='lat' dir='ltr'><strong>l,</strong></span> <span class='ocrx_word' id='word_1_82' title='bbox 633 1137 658 1177; x_wconf 91' lang='lat' dir='ltr'><strong>c.</strong></span> <span class='ocrx_word' id='word_1_83' title='bbox 679 1120 750 1175; x_wconf 79' lang='lat' dir='ltr'><strong>llicit</strong></span> <span class='ocrx_word' id='word_1_84' title='bbox 770 1119 858 1174; x_wconf 85' lang='lat' dir='ltr'><strong>Sara:</strong></span> <span class='ocrx_word' id='word_1_85' title='bbox 875 1119 941 1173; x_wconf 80' lang='lat' dir='ltr'><strong>dixit</strong></span> <span class='ocrx_word' id='word_1_86' title='bbox 963 1117 1029 1173; x_wconf 87' lang='lat' dir='ltr'><strong>Sara</strong></span> <span class='ocrx_word' id='word_1_87' title='bbox 1047 1117 1082 1174; x_wconf 88' lang='lat' dir='ltr'><strong>ad</strong></span> 
     </span>
     <span class='ocr_line' id='line_1_13' title="bbox 290 1189 1082 1256; baseline -0.004 -10"><span class='ocrx_word' id='word_1_88' title='bbox 290 1191 435 1256; x_wconf 87' lang='lat' dir='ltr'><strong>Abraham,</strong></span> <span class='ocrx_word' id='word_1_89' title='bbox 449 1193 518 1250; x_wconf 86' lang='lat' dir='ltr'><strong>Gen.</strong></span> <span class='ocrx_word' id='word_1_90' title='bbox 534 1194 569 1248; x_wconf 78' lang='grc'><strong>16</strong></span> <span class='ocrx_word' id='word_1_91' title='bbox 582 1211 588 1244; x_wconf 92' lang='lat'><strong>:</strong></span> <span class='ocrx_word' id='word_1_92' title='bbox 604 1191 670 1247; x_wconf 81' lang='lat' dir='ltr'><strong>Ecce</strong></span> <span class='ocrx_word' id='word_1_93' title='bbox 681 1191 802 1246; x_wconf 75' lang='lat' dir='ltr'><strong>concinuit</strong></span> <span class='ocrx_word' id='word_1_94' title='bbox 815 1189 985 1244; x_wconf 83' lang='lat' dir='ltr'><strong>nteDeraiuns</strong></span> <span class='ocrx_word' id='word_1_95' title='bbox 994 1197 1021 1242; x_wconf 89' lang='lat' dir='ltr'><strong>at</strong></span> <span class='ocrx_word' id='word_1_96' title='bbox 1030 1205 1082 1243; x_wconf 84' lang='lat' dir='ltr'><strong>non</strong></span> 
     </span>
     <span class='ocr_line' id='line_1_14' title="bbox 290 1259 1081 1334; baseline 0.003 -20"><span class='ocrx_word' id='word_1_97' title='bbox 290 1265 399 1333; x_wconf 87' lang='lat' dir='ltr'><strong>pariam.</strong></span> <span class='ocrx_word' id='word_1_98' title='bbox 413 1262 487 1318; x_wconf 87' lang='lat' dir='ltr'><strong>lutra</strong></span> <span class='ocrx_word' id='word_1_99' title='bbox 500 1281 558 1334; x_wconf 85' lang='lat' dir='ltr'><strong>erpo</strong></span> <span class='ocrx_word' id='word_1_100' title='bbox 568 1263 603 1318; x_wconf 87' lang='lat' dir='ltr'><strong>ad</strong></span> <span class='ocrx_word' id='word_1_101' title='bbox 621 1263 739 1317; x_wconf 77' lang='lat' dir='ltr'><strong>ancilium</strong></span> <span class='ocrx_word' id='word_1_102' title='bbox 754 1277 853 1328; x_wconf 85' lang='lat' dir='ltr'><strong>rrreanr,</strong></span> <span class='ocrx_word' id='word_1_103' title='bbox 866 1270 894 1314; x_wconf 87' lang='lat' dir='ltr'><strong>at</strong></span> <span class='ocrx_word' id='word_1_104' title='bbox 907 1259 988 1330; x_wconf 79' lang='lat' dir='ltr'><strong>filium</strong></span> <span class='ocrx_word' id='word_1_105' title='bbox 1001 1260 1081 1327; x_wconf 75' lang='lat' dir='ltr'><strong>[aciae</strong></span> 
     </span>
     <span class='ocr_line' id='line_1_15' title="bbox 289 1329 1081 1400; baseline -0.003 -14"><span class='ocrx_word' id='word_1_106' title='bbox 289 1347 321 1386; x_wconf 82' lang='lat' dir='ltr'><strong>cc</strong></span> <span class='ocrx_word' id='word_1_107' title='bbox 340 1335 425 1396; x_wconf 81' lang='lat' dir='ltr'><strong>eri;ct</strong></span> <span class='ocrx_word' id='word_1_108' title='bbox 449 1335 483 1390; x_wconf 89' lang='lat' dir='ltr'><strong>ita</strong></span> <span class='ocrx_word' id='word_1_109' title='bbox 508 1333 678 1390; x_wconf 78' lang='lat' dir='ltr'><strong>factumest.</strong></span> <span class='ocrx_word' id='word_1_110' title='bbox 702 1332 845 1388; x_wconf 77' lang='lat' dir='ltr'><strong>Considera</strong></span> <span class='ocrx_word' id='word_1_111' title='bbox 873 1331 987 1400; x_wconf 83' lang='lat' dir='ltr'><strong>primum</strong></span> <span class='ocrx_word' id='word_1_112' title='bbox 1030 1329 1081 1384; x_wconf 87' lang='lat' dir='ltr'><strong>ubd</strong></span> 
     </span>
     <span class='ocr_line' id='line_1_16' title="bbox 288 1346 1079 1476; baseline -0.001 -19"><span class='ocrx_word' id='word_1_113' title='bbox 288 1403 423 1460; x_wconf 88' lang='lat' dir='ltr'><strong>Abraham</strong></span> <span class='ocrx_word' id='word_1_114' title='bbox 436 1413 497 1460; x_wconf 90' lang='lat' dir='ltr'><strong>ante</strong></span> <span class='ocrx_word' id='word_1_115' title='bbox 512 1405 597 1476; x_wconf 90' lang='lat' dir='ltr'><strong>legem</strong></span> <span class='ocrx_word' id='word_1_116' title='bbox 612 1403 695 1475; x_wconf 81' lang='lat' dir='ltr'><strong>Moysi</strong></span> <span class='ocrx_word' id='word_1_117' title='bbox 710 1412 737 1457; x_wconf 89' lang='lat' dir='ltr'><strong>et</strong></span> <span class='ocrx_word' id='word_1_118' title='bbox 750 1412 812 1458; x_wconf 90' lang='lat' dir='ltr'><strong>ante</strong></span> <span class='ocrx_word' id='word_1_119' title='bbox 827 1401 1000 1471; x_wconf 83' lang='lat' dir='ltr'><strong>Evangelium</strong></span> <span class='ocrx_word' id='word_1_120' title='bbox 1010 1346 1079 1456; x_wconf 68' lang='lat' dir='ltr'><strong>¹init.</strong></span> 
     </span>
     <span class='ocr_line' id='line_1_17' title="bbox 288 1470 1080 1546; baseline -0.005 -18"><span class='ocrx_word' id='word_1_121' title='bbox 288 1472 346 1528; x_wconf 90' lang='lat' dir='ltr'><strong>Non</strong></span> <span class='ocrx_word' id='word_1_122' title='bbox 370 1489 433 1544; x_wconf 89' lang='lat' dir='ltr'><strong>erga</strong></span> <span class='ocrx_word' id='word_1_123' title='bbox 455 1475 481 1530; x_wconf 90' lang='lat' dir='ltr'><strong>in</strong></span> <span class='ocrx_word' id='word_1_124' title='bbox 507 1476 592 1546; x_wconf 89' lang='lat' dir='ltr'><strong>legem</strong></span> <span class='ocrx_word' id='word_1_125' title='bbox 616 1475 748 1530; x_wconf 87' lang='lat' dir='ltr'><strong>commisit</strong></span> <span class='ocrx_word' id='word_1_126' title='bbox 769 1472 919 1534; x_wconf 82' lang='lat' dir='ltr'><strong>Abraham.</strong></span> <span class='ocrx_word' id='word_1_127' title='bbox 934 1470 981 1526; x_wconf 92' lang='lat' dir='ltr'><strong>sed</strong></span> <span class='ocrx_word' id='word_1_128' title='bbox 995 1471 1080 1541; x_wconf 90' lang='lat' dir='ltr'><strong>legem</strong></span> 
     </span>
     <span class='ocr_line' id='line_1_18' title="bbox 289 1541 1081 1612; baseline 0 -15"><span class='ocrx_word' id='word_1_129' title='bbox 289 1545 426 1612; x_wconf 76' lang='lat' dir='ltr'><strong>praevenit.</strong></span> <span class='ocrx_word' id='word_1_130' title='bbox 442 1544 564 1601; x_wconf 89' lang='lat' dir='ltr'><strong>Noudhm</strong></span> <span class='ocrx_word' id='word_1_131' title='bbox 588 1546 658 1600; x_wconf 92' lang='lat' dir='ltr'><strong>enirn</strong></span> <span class='ocrx_word' id='word_1_132' title='bbox 676 1543 843 1600; x_wconf 89' lang='lat' dir='ltr'><strong>interdictum</strong></span> <span class='ocrx_word' id='word_1_133' title='bbox 860 1541 1009 1597; x_wconf 85' lang='lat' dir='ltr'><strong>ridebatur.</strong></span> <span class='ocrx_word' id='word_1_134' title='bbox 1033 1543 1081 1597; x_wconf 87' lang='lat' dir='ltr'><strong>Se·</strong></span> 
     </span>
     <span class='ocr_line' id='line_1_19' title="bbox 289 1613 1080 1688; baseline -0.003 -19"><span class='ocrx_word' id='word_1_135' title='bbox 289 1615 376 1670; x_wconf 86' lang='lat' dir='ltr'><strong>cundd</strong></span> <span class='ocrx_word' id='word_1_136' title='bbox 390 1616 529 1672; x_wconf 91' lang='lat' dir='ltr'><strong>considera</strong></span> <span class='ocrx_word' id='word_1_137' title='bbox 551 1615 622 1688; x_wconf 86' lang='lat' dir='ltr'><strong>qubd</strong></span> <span class='ocrx_word' id='word_1_138' title='bbox 642 1631 694 1670; x_wconf 93' lang='lat' dir='ltr'><strong>non</strong></span> <span class='ocrx_word' id='word_1_139' title='bbox 714 1615 810 1669; x_wconf 88' lang='lat' dir='ltr'><strong>ardore</strong></span> <span class='ocrx_word' id='word_1_140' title='bbox 828 1613 917 1683; x_wconf 86' lang='lat' dir='ltr'><strong>aliquo</strong></span> <span class='ocrx_word' id='word_1_141' title='bbox 932 1627 1005 1682; x_wconf 84' lang='lat' dir='ltr'><strong>vagae</strong></span> <span class='ocrx_word' id='word_1_142' title='bbox 1019 1627 1080 1667; x_wconf 90' lang='lat' dir='ltr'><strong>suc-</strong></span> 
     </span>
     <span class='ocr_line' id='line_1_20' title="bbox 288 1684 1079 1756; baseline -0.001 -17"><span class='ocrx_word' id='word_1_143' title='bbox 288 1698 384 1740; x_wconf 89' lang='lat' dir='ltr'><strong>census</strong></span> <span class='ocrx_word' id='word_1_144' title='bbox 398 1686 524 1752; x_wconf 86' lang='lat' dir='ltr'><strong>libidinis,</strong></span> <span class='ocrx_word' id='word_1_145' title='bbox 541 1703 593 1741; x_wconf 94' lang='lat' dir='ltr'><strong>non</strong></span> <span class='ocrx_word' id='word_1_146' title='bbox 609 1687 751 1756; x_wconf 89' lang='lat' dir='ltr'><strong>petulantis</strong></span> <span class='ocrx_word' id='word_1_147' title='bbox 764 1685 856 1740; x_wconf 71' lang='lat' dir='ltr'><strong>formae</strong></span> <span class='ocrx_word' id='word_1_148' title='bbox 868 1691 961 1753; x_wconf 89' lang='lat' dir='ltr'><strong>captus</strong></span> <span class='ocrx_word' id='word_1_149' title='bbox 972 1684 1079 1750; x_wconf 90' lang='lat' dir='ltr'><strong>decore,</strong></span> 
     </span>
     <span class='ocr_line' id='line_1_21' title="bbox 289 1754 1080 1826; baseline -0.004 -17"><span class='ocrx_word' id='word_1_150' title='bbox 289 1757 391 1810; x_wconf 78' lang='lat' dir='ltr'><strong>ancillae</strong></span> <span class='ocrx_word' id='word_1_151' title='bbox 411 1758 584 1813; x_wconf 89' lang='lat' dir='ltr'><strong>contubernio</strong></span> <span class='ocrx_word' id='word_1_152' title='bbox 606 1757 772 1826; x_wconf 83' lang='lat' dir='ltr'><strong>corty&#39;ugalent</strong></span> <span class='ocrx_word' id='word_1_153' title='bbox 792 1755 944 1826; x_wconf 77' lang='lat' dir='ltr'><strong>posthabuit</strong></span> <span class='ocrx_word' id='word_1_154' title='bbox 956 1754 1080 1820; x_wconf 83' lang='lat' dir='ltr'><strong>thorum;</strong></span> 
     </span>
     <span class='ocr_line' id='line_1_22' title="bbox 288 1823 1082 1902; baseline -0.003 -22"><span class='ocrx_word' id='word_1_155' title='bbox 288 1826 335 1881; x_wconf 89' lang='lat' dir='ltr'><strong>sed</strong></span> <span class='ocrx_word' id='word_1_156' title='bbox 349 1827 438 1884; x_wconf 90' lang='lat' dir='ltr'><strong>studia</strong></span> <span class='ocrx_word' id='word_1_157' title='bbox 450 1829 600 1897; x_wconf 78' lang='lat' dir='ltr'><strong>‹yuaerendu</strong></span> <span class='ocrx_word' id='word_1_158' title='bbox 614 1828 793 1897; x_wconf 80' lang='lat' dir='ltr'><strong>posteritatis,</strong></span> <span class='ocrx_word' id='word_1_159' title='bbox 809 1835 836 1880; x_wconf 90' lang='lat' dir='ltr'><strong>et</strong></span> <span class='ocrx_word' id='word_1_160' title='bbox 849 1823 1024 1902; x_wconf 77' lang='lat' dir='ltr'><strong>propagandae</strong></span> <span class='ocrx_word' id='word_1_161' title='bbox 1037 1838 1082 1878; x_wconf 92' lang='lat' dir='ltr'><strong>se-</strong></span> 
     </span>
     <span class='ocr_line' id='line_1_23' title="bbox 289 1894 1082 1970; baseline -0.003 -20"><span class='ocrx_word' id='word_1_162' title='bbox 289 1896 367 1952; x_wconf 85' lang='lat' dir='ltr'><strong>bolis.</strong></span> <span class='ocrx_word' id='word_1_163' title='bbox 385 1897 479 1954; x_wconf 89' lang='lat' dir='ltr'><strong>Adhuc</strong></span> <span class='ocrx_word' id='word_1_164' title='bbox 493 1899 690 1970; x_wconf 84' lang='lat' dir='ltr'><strong>postdiluuium</strong></span> <span class='ocrx_word' id='word_1_165' title='bbox 703 1897 800 1952; x_wconf 89' lang='lat' dir='ltr'><strong>raritas</strong></span> <span class='ocrx_word' id='word_1_166' title='bbox 811 1903 870 1952; x_wconf 89' lang='lat' dir='ltr'><strong>erat</strong></span> <span class='ocrx_word' id='word_1_167' title='bbox 883 1894 990 1949; x_wconf 87' lang='lat' dir='ltr'><strong>humani</strong></span> <span class='ocrx_word' id='word_1_168' title='bbox 1000 1908 1082 1964; x_wconf 88' lang='lat' dir='ltr'><strong>geue-</strong></span> 
     </span>
     <span class='ocr_line' id='line_1_24' title="bbox 288 1963 1081 2038; baseline -0.003 -16"><span class='ocrx_word' id='word_1_169' title='bbox 288 1969 339 2033; x_wconf 91' lang='lat' dir='ltr'><strong>ris;</strong></span> <span class='ocrx_word' id='word_1_170' title='bbox 354 1979 411 2023; x_wconf 90' lang='lat' dir='ltr'><strong>erat</strong></span> <span class='ocrx_word' id='word_1_171' title='bbox 425 1972 504 2025; x_wconf 88' lang='lat' dir='ltr'><strong>etiam</strong></span> <span class='ocrx_word' id='word_1_172' title='bbox 515 1970 660 2038; x_wconf 88' lang='lat' dir='ltr'><strong>religionis.</strong></span> <span class='ocrx_word' id='word_1_173' title='bbox 674 1969 792 2038; x_wconf 86' lang='lat' dir='ltr'><strong>lienique</strong></span> <span class='ocrx_word' id='word_1_174' title='bbox 801 1977 828 2020; x_wconf 90' lang='lat' dir='ltr'><strong>et</strong></span> <span class='ocrx_word' id='word_1_175' title='bbox 841 1965 908 2022; x_wconf 90' lang='lat' dir='ltr'><strong>Loth</strong></span> <span class='ocrx_word' id='word_1_176' title='bbox 919 1966 1004 2019; x_wconf 92' lang='lat' dir='ltr'><strong>sancti</strong></span> <span class='ocrx_word' id='word_1_177' title='bbox 1018 1963 1081 2020; x_wconf 86' lang='lat' dir='ltr'><strong>hliae</strong></span> 
     </span>
     <span class='ocr_line' id='line_1_25' title="bbox 288 2036 1081 2111; baseline -0.001 -20"><span class='ocrx_word' id='word_1_178' title='bbox 288 2037 358 2094; x_wconf 86' lang='lat' dir='ltr'><strong>hane</strong></span> <span class='ocrx_word' id='word_1_179' title='bbox 381 2055 487 2095; x_wconf 88' lang='lat' dir='ltr'><strong>causam</strong></span> <span class='ocrx_word' id='word_1_180' title='bbox 510 2039 661 2111; x_wconf 74' lang='lat' dir='ltr'><strong>quaerendae</strong></span> <span class='ocrx_word' id='word_1_181' title='bbox 682 2039 843 2108; x_wconf 76' lang='lat' dir='ltr'><strong>posteritatis</strong></span> <span class='ocrx_word' id='word_1_182' title='bbox 864 2036 1022 2100; x_wconf 90' lang='lat' dir='ltr'><strong>habueruut,</strong></span> <span class='ocrx_word' id='word_1_183' title='bbox 1046 2050 1081 2090; x_wconf 91' lang='lat' dir='ltr'><strong>ne</strong></span> 
     </span>
     <span class='ocr_line' id='line_1_26' title="bbox 288 2105 1082 2176; baseline -0.003 -14"><span class='ocrx_word' id='word_1_184' title='bbox 288 2123 372 2176; x_wconf 89' lang='lat' dir='ltr'><strong>genus</strong></span> <span class='ocrx_word' id='word_1_185' title='bbox 393 2109 519 2166; x_wconf 88' lang='lat' dir='ltr'><strong>deiiceret</strong></span> <span class='ocrx_word' id='word_1_186' title='bbox 539 2110 699 2173; x_wconf 65' lang='lat' dir='ltr'><strong>bumannum</strong></span> <span class='ocrx_word' id='word_1_187' title='bbox 719 2116 746 2163; x_wconf 89' lang='lat' dir='ltr'><strong>et</strong></span> <span class='ocrx_word' id='word_1_188' title='bbox 766 2106 824 2163; x_wconf 82' lang='lat' dir='ltr'><strong>ideo</strong></span> <span class='ocrx_word' id='word_1_189' title='bbox 847 2106 942 2175; x_wconf 90' lang='lat' dir='ltr'><strong>publici</strong></span> <span class='ocrx_word' id='word_1_190' title='bbox 963 2105 1082 2160; x_wconf 89' lang='lat' dir='ltr'><strong>muneris</strong></span> 
     </span>
     <span class='ocr_line' id='line_1_27' title="bbox 264 2176 1079 2302; baseline -0.002 -70"><span class='ocrx_word' id='word_1_191' title='bbox 264 2183 266 2190; x_wconf 64' lang='lat'><strong><em>⁴</em></strong></span> <span class='ocrx_word' id='word_1_192' title='bbox 288 2180 371 2302; x_wconf 48' lang='lat' dir='ltr'><strong>pratia</strong></span> <span class='ocrx_word' id='word_1_193' title='bbox 395 2181 522 2248; x_wconf 85' lang='lat' dir='ltr'><strong>priuatam</strong></span> <span class='ocrx_word' id='word_1_194' title='bbox 542 2180 647 2251; x_wconf 87' lang='lat' dir='ltr'><strong>culpam</strong></span> <span class='ocrx_word' id='word_1_195' title='bbox 669 2179 801 2250; x_wconf 71' lang='lat' dir='ltr'><strong>praetexit.</strong></span> <span class='ocrx_word' id='word_1_196' title='bbox 823 2176 888 2232; x_wconf 89' lang='lat' dir='ltr'><strong>ltem</strong></span> <span class='ocrx_word' id='word_1_197' title='bbox 908 2180 1031 2243; x_wconf 80' lang='lat' dir='ltr'><strong>August,</strong></span> <span class='ocrx_word' id='word_1_198' title='bbox 1053 2177 1079 2230; x_wconf 92' lang='lat' dir='ltr'><strong>in</strong></span> 
     </span>
    </p>

    <p class='ocr_par' dir='ltr' id='par_1_3' title="bbox 222 2247 1081 3240">
     <span class='ocr_line' id='line_1_28' title="bbox 301 2247 1081 2320; baseline -0.003 -17"><span class='ocrx_word' id='word_1_199' title='bbox 301 2248 336 2304; x_wconf 92' lang='lat' dir='ltr'><strong>ib.</strong></span> <span class='ocrx_word' id='word_1_200' title='bbox 354 2249 387 2305; x_wconf 93' lang='lat' dir='ltr'><strong>de</strong></span> <span class='ocrx_word' id='word_1_201' title='bbox 401 2251 626 2320; x_wconf 86' lang='lat' dir='ltr'><strong>Boueconjugali,</strong></span> <span class='ocrx_word' id='word_1_202' title='bbox 642 2266 666 2305; x_wconf 92' lang='lat' dir='ltr'><strong>e.</strong></span> <span class='ocrx_word' id='word_1_203' title='bbox 684 2249 718 2305; x_wconf 85' lang='lat' dir='ltr'><strong>l5</strong></span> <span class='ocrx_word' id='word_1_204' title='bbox 733 2267 739 2302; x_wconf 92' lang='lat'>:</span> <span class='ocrx_word' id='word_1_205' title='bbox 754 2249 844 2303; x_wconf 89' lang='lat' dir='ltr'><strong>iustus</strong></span> <span class='ocrx_word' id='word_1_206' title='bbox 857 2248 978 2317; x_wconf 82' lang='lat' dir='ltr'><strong>quamvis</strong></span> <span class='ocrx_word' id='word_1_207' title='bbox 991 2247 1081 2317; x_wconf 91' lang='lat' dir='ltr'><strong>cupiat</strong></span> 
     </span>
     <span class='ocr_line' id='line_1_29' title="bbox 222 2317 1079 2389; baseline -0.005 -15"><span class='ocrx_word' id='word_1_208' title='bbox 222 2381 227 2389; x_wconf 53' lang='grc'>,</span> <span class='ocrx_word' id='word_1_209' title='bbox 288 2317 397 2374; x_wconf 85' lang='lat' dir='ltr'><strong>dissolri</strong></span> <span class='ocrx_word' id='word_1_210' title='bbox 410 2332 438 2376; x_wconf 86' lang='grc' dir='ltr'><strong>ει</strong></span> <span class='ocrx_word' id='word_1_211' title='bbox 449 2337 509 2377; x_wconf 86' lang='lat' dir='ltr'><strong>esse</strong></span> <span class='ocrx_word' id='word_1_212' title='bbox 521 2335 582 2376; x_wconf 90' lang='lat' dir='ltr'><strong>cum</strong></span> <span class='ocrx_word' id='word_1_213' title='bbox 592 2320 710 2387; x_wconf 87' lang='lat' dir='ltr'><strong>Christo,</strong></span> <span class='ocrx_word' id='word_1_214' title='bbox 723 2329 810 2374; x_wconf 90' lang='lat' dir='ltr'><strong>tamen</strong></span> <span class='ocrx_word' id='word_1_215' title='bbox 822 2318 905 2373; x_wconf 92' lang='lat' dir='ltr'><strong>sumit</strong></span> <span class='ocrx_word' id='word_1_216' title='bbox 913 2318 1079 2384; x_wconf 89' lang='lat' dir='ltr'><strong>alimentum,</strong></span> 
     </span>
     <span class='ocr_line' id='line_1_30' title="bbox 289 2386 1081 2460; baseline 0 -16"><span class='ocrx_word' id='word_1_217' title='bbox 289 2405 341 2444; x_wconf 91' lang='lat' dir='ltr'><strong>non</strong></span> <span class='ocrx_word' id='word_1_218' title='bbox 364 2391 508 2460; x_wconf 89' lang='lat' dir='ltr'><strong>eupiditate</strong></span> <span class='ocrx_word' id='word_1_219' title='bbox 526 2391 651 2457; x_wconf 79' lang='lat' dir='ltr'><strong>nitendi,</strong></span> <span class='ocrx_word' id='word_1_220' title='bbox 672 2390 720 2447; x_wconf 86' lang='lat' dir='ltr'><strong>sed</strong></span> <span class='ocrx_word' id='word_1_221' title='bbox 743 2389 833 2445; x_wconf 87' lang='lat' dir='ltr'><strong>olheio</strong></span> <span class='ocrx_word' id='word_1_222' title='bbox 857 2386 1029 2454; x_wconf 87' lang='lat' dir='ltr'><strong>consulendi,</strong></span> <span class='ocrx_word' id='word_1_223' title='bbox 1053 2395 1081 2444; x_wconf 87' lang='lat' dir='ltr'><strong>ut</strong></span> 
     </span>
     <span class='ocr_line' id='line_1_31' title="bbox 289 2457 1080 2531; baseline -0.003 -17"><span class='ocrx_word' id='word_1_224' title='bbox 289 2470 396 2516; x_wconf 91' lang='lat' dir='ltr'><strong>maneat</strong></span> <span class='ocrx_word' id='word_1_225' title='bbox 406 2463 477 2531; x_wconf 80' lang='lat' dir='ltr'><strong>quod</strong></span> <span class='ocrx_word' id='word_1_226' title='bbox 490 2463 669 2518; x_wconf 83' lang='lat' dir='ltr'><strong>necessarium</strong></span> <span class='ocrx_word' id='word_1_227' title='bbox 690 2472 729 2516; x_wconf 92' lang='lat' dir='ltr'><strong>est</strong></span> <span class='ocrx_word' id='word_1_228' title='bbox 743 2470 849 2530; x_wconf 90' lang='lat' dir='ltr'><strong>propter</strong></span> <span class='ocrx_word' id='word_1_229' title='bbox 868 2460 944 2514; x_wconf 88' lang='lat' dir='ltr'><strong>alios.</strong></span> <span class='ocrx_word' id='word_1_230' title='bbox 958 2458 1002 2513; x_wconf 89' lang='lat' dir='ltr'><strong>Sic</strong></span> <span class='ocrx_word' id='word_1_231' title='bbox 1016 2457 1080 2512; x_wconf 90' lang='lat' dir='ltr'><strong>mis-</strong></span> 
     </span>
     <span class='ocr_line' id='line_1_32' title="bbox 288 2529 1080 2602; baseline -0.003 -17"><span class='ocrx_word' id='word_1_232' title='bbox 288 2533 342 2585; x_wconf 87' lang='lat' dir='ltr'><strong>ceri</strong></span> <span class='ocrx_word' id='word_1_233' title='bbox 355 2531 463 2587; x_wconf 88' lang='lat' dir='ltr'><strong>letninis</strong></span> <span class='ocrx_word' id='word_1_234' title='bbox 470 2533 530 2600; x_wconf 84' lang='lat' dir='ltr'><strong>jure</strong></span> <span class='ocrx_word' id='word_1_235' title='bbox 544 2532 696 2602; x_wconf 78' lang='lat' dir='ltr'><strong>nuptiarum</strong></span> <span class='ocrx_word' id='word_1_236' title='bbox 706 2532 853 2586; x_wconf 87' lang='lat' dir='ltr'><strong>oi&#39;iieios&#39;unr</strong></span> <span class='ocrx_word' id='word_1_237' title='bbox 865 2529 914 2584; x_wconf 86' lang='lat' dir='ltr'><strong>luit</strong></span> <span class='ocrx_word' id='word_1_238' title='bbox 928 2529 1027 2584; x_wconf 92' lang='lat' dir='ltr'><strong>sanctis</strong></span> <span class='ocrx_word' id='word_1_239' title='bbox 1041 2529 1080 2583; x_wconf 84' lang='lat' dir='ltr'><strong>vi·</strong></span> 
     </span>
     <span class='ocr_line' id='line_1_33' title="bbox 232 2600 1080 2670; baseline -0.001 -14"><span class='ocrx_word' id='word_1_240' title='bbox 232 2609 234 2614; x_wconf 87' lang='lat'>&#39;</span> <span class='ocrx_word' id='word_1_241' title='bbox 288 2601 336 2668; x_wconf 90' lang='lat' dir='ltr'><strong>ris,</strong></span> <span class='ocrx_word' id='word_1_242' title='bbox 352 2618 403 2657; x_wconf 92' lang='lat' dir='ltr'><strong>non</strong></span> <span class='ocrx_word' id='word_1_243' title='bbox 418 2602 596 2658; x_wconf 86' lang='lat' dir='ltr'><strong>libidinosum.</strong></span> <span class='ocrx_word' id='word_1_244' title='bbox 608 2603 684 2670; x_wconf 87' lang='lat' dir='ltr'><strong>Quod</strong></span> <span class='ocrx_word' id='word_1_245' title='bbox 694 2603 765 2658; x_wconf 89' lang='lat' dir='ltr'><strong>euim</strong></span> <span class='ocrx_word' id='word_1_246' title='bbox 778 2611 819 2656; x_wconf 88' lang='lat' dir='ltr'><strong>est</strong></span> <span class='ocrx_word' id='word_1_247' title='bbox 832 2601 906 2655; x_wconf 87' lang='lat' dir='ltr'><strong>cibus</strong></span> <span class='ocrx_word' id='word_1_248' title='bbox 918 2600 951 2654; x_wconf 91' lang='lat' dir='ltr'><strong>ad</strong></span> <span class='ocrx_word' id='word_1_249' title='bbox 967 2600 1080 2655; x_wconf 91' lang='lat' dir='ltr'><strong>salutem</strong></span> 
     </span>
     <span class='ocr_line' id='line_1_34' title="bbox 288 2671 1081 2742; baseline -0.001 -16"><span class='ocrx_word' id='word_1_250' title='bbox 288 2672 413 2742; x_wconf 90' lang='lat' dir='ltr'><strong>heminis,</strong></span> <span class='ocrx_word' id='word_1_251' title='bbox 429 2673 480 2730; x_wconf 91' lang='lat' dir='ltr'><strong>hoc</strong></span> <span class='ocrx_word' id='word_1_252' title='bbox 489 2683 529 2728; x_wconf 91' lang='lat' dir='ltr'><strong>est</strong></span> <span class='ocrx_word' id='word_1_253' title='bbox 539 2675 695 2730; x_wconf 79' lang='lat' dir='ltr'><strong>concubitus</strong></span> <span class='ocrx_word' id='word_1_254' title='bbox 707 2673 740 2727; x_wconf 88' lang='lat' dir='ltr'><strong>ad</strong></span> <span class='ocrx_word' id='word_1_255' title='bbox 753 2673 866 2726; x_wconf 88' lang='lat' dir='ltr'><strong>salutem</strong></span> <span class='ocrx_word' id='word_1_256' title='bbox 881 2671 989 2725; x_wconf 86' lang='lat' dir='ltr'><strong>haruani</strong></span> <span class='ocrx_word' id='word_1_257' title='bbox 999 2685 1081 2740; x_wconf 91' lang='lat' dir='ltr'><strong>gene-</strong></span> 
     </span>
     <span class='ocr_line' id='line_1_35' title="bbox 289 2741 1078 2815; baseline -0.003 -18"><span class='ocrx_word' id='word_1_258' title='bbox 289 2743 336 2810; x_wconf 89' lang='lat' dir='ltr'><strong>ris,</strong></span> <span class='ocrx_word' id='word_1_259' title='bbox 360 2753 388 2798; x_wconf 93' lang='lat' dir='ltr'><strong>et</strong></span> <span class='ocrx_word' id='word_1_260' title='bbox 407 2755 548 2815; x_wconf 78' lang='lat' dir='ltr'><strong>utrumque</strong></span> <span class='ocrx_word' id='word_1_261' title='bbox 562 2760 617 2799; x_wconf 89' lang='lat' dir='ltr'><strong>nou</strong></span> <span class='ocrx_word' id='word_1_262' title='bbox 638 2755 679 2799; x_wconf 88' lang='lat' dir='ltr'><strong>est</strong></span> <span class='ocrx_word' id='word_1_263' title='bbox 699 2746 757 2799; x_wconf 89' lang='lat' dir='ltr'><strong>siue</strong></span> <span class='ocrx_word' id='word_1_264' title='bbox 769 2743 947 2798; x_wconf 80' lang='lat' dir='ltr'><strong>delectatione</strong></span> <span class='ocrx_word' id='word_1_265' title='bbox 962 2741 1078 2806; x_wconf 58' lang='lat' dir='ltr'><strong>carnaim</strong></span> 
     </span>
     <span class='ocr_line' id='line_1_36' title="bbox 288 2811 1079 2883; baseline -0.003 -15"><span class='ocrx_word' id='word_1_266' title='bbox 288 2829 348 2883; x_wconf 80' lang='lat' dir='ltr'><strong>quae</strong></span> <span class='ocrx_word' id='word_1_267' title='bbox 359 2822 446 2870; x_wconf 88' lang='lat' dir='ltr'><strong>tamen</strong></span> <span class='ocrx_word' id='word_1_268' title='bbox 462 2815 627 2882; x_wconf 90' lang='lat' dir='ltr'><strong>modiiicata,</strong></span> <span class='ocrx_word' id='word_1_269' title='bbox 641 2824 669 2870; x_wconf 90' lang='lat' dir='ltr'><strong>et</strong></span> <span class='ocrx_word' id='word_1_270' title='bbox 687 2813 839 2870; x_wconf 76' lang='lat' dir='ltr'><strong>refrenante</strong></span> <span class='ocrx_word' id='word_1_271' title='bbox 859 2813 1032 2881; x_wconf 82' lang='lat' dir='ltr'><strong>temperantia</strong></span> <span class='ocrx_word' id='word_1_272' title='bbox 1053 2811 1079 2866; x_wconf 91' lang='lat' dir='ltr'><strong>in</strong></span> 
     </span>
     <span class='ocr_line' id='line_1_37' title="bbox 289 2882 1081 2952; baseline 0 -14"><span class='ocrx_word' id='word_1_273' title='bbox 289 2897 365 2940; x_wconf 90' lang='lat' dir='ltr'><strong>usum</strong></span> <span class='ocrx_word' id='word_1_274' title='bbox 376 2888 522 2942; x_wconf 79' lang='lat' dir='ltr'><strong>naturalem</strong></span> <span class='ocrx_word' id='word_1_275' title='bbox 532 2887 650 2951; x_wconf 79' lang='lat' dir='ltr'><strong>redacti,</strong></span> <span class='ocrx_word' id='word_1_276' title='bbox 662 2886 743 2941; x_wconf 92' lang='lat' dir='ltr'><strong>libido</strong></span> <span class='ocrx_word' id='word_1_277' title='bbox 756 2900 815 2939; x_wconf 89' lang='lat' dir='ltr'><strong>esse</strong></span> <span class='ocrx_word' id='word_1_278' title='bbox 828 2900 880 2939; x_wconf 93' lang='lat' dir='ltr'><strong>nou</strong></span> <span class='ocrx_word' id='word_1_279' title='bbox 896 2891 992 2952; x_wconf 91' lang='lat' dir='ltr'><strong>potest.</strong></span> <span class='ocrx_word' id='word_1_280' title='bbox 1004 2882 1081 2950; x_wconf 85' lang='lat' dir='ltr'><strong>Quod</strong></span> 
     </span>
     <span class='ocr_line' id='line_1_38' title="bbox 288 2952 1081 3018; baseline -0.004 -8"><span class='ocrx_word' id='word_1_281' title='bbox 288 2965 377 3010; x_wconf 89' lang='lat' dir='ltr'><strong>autem</strong></span> <span class='ocrx_word' id='word_1_282' title='bbox 392 2957 418 3011; x_wconf 93' lang='lat' dir='ltr'><strong>in</strong></span> <span class='ocrx_word' id='word_1_283' title='bbox 430 2957 603 3012; x_wconf 88' lang='lat' dir='ltr'><strong>sustentando</strong></span> <span class='ocrx_word' id='word_1_284' title='bbox 616 2959 695 3010; x_wconf 83' lang='lat' dir='ltr'><strong>ritant</strong></span> <span class='ocrx_word' id='word_1_285' title='bbox 708 2956 816 3010; x_wconf 91' lang='lat' dir='ltr'><strong>illicitus</strong></span> <span class='ocrx_word' id='word_1_286' title='bbox 826 2965 867 3010; x_wconf 89' lang='lat' dir='ltr'><strong>est</strong></span> <span class='ocrx_word' id='word_1_287' title='bbox 879 2953 965 3018; x_wconf 83' lang='lat' dir='ltr'><strong>cibus,</strong></span> <span class='ocrx_word' id='word_1_288' title='bbox 979 2952 1030 3007; x_wconf 93' lang='lat' dir='ltr'><strong>hoc</strong></span> <span class='ocrx_word' id='word_1_289' title='bbox 1039 2961 1081 3007; x_wconf 90' lang='lat' dir='ltr'><strong>est</strong></span> 
     </span>
     <span class='ocr_line' id='line_1_39' title="bbox 288 3023 1079 3097; baseline -0.005 -17"><span class='ocrx_word' id='word_1_290' title='bbox 288 3027 315 3080; x_wconf 94' lang='lat' dir='ltr'><strong>in</strong></span> <span class='ocrx_word' id='word_1_291' title='bbox 326 3027 468 3096; x_wconf 79' lang='lat' dir='ltr'><strong>quaerendi</strong></span> <span class='ocrx_word' id='word_1_292' title='bbox 483 3028 556 3097; x_wconf 89' lang='lat' dir='ltr'><strong>proic</strong></span> <span class='ocrx_word' id='word_1_293' title='bbox 567 3027 725 3083; x_wconf 76' lang='lat' dir='ltr'><strong>fornicarius</strong></span> <span class='ocrx_word' id='word_1_294' title='bbox 740 3027 780 3081; x_wconf 84' lang='lat' dir='ltr'><strong>rel</strong></span> <span class='ocrx_word' id='word_1_295' title='bbox 791 3026 897 3081; x_wconf 87' lang='lat' dir='ltr'><strong>illicitus</strong></span> <span class='ocrx_word' id='word_1_296' title='bbox 907 3023 1079 3089; x_wconf 87' lang='lat' dir='ltr'><strong>concubitus;</strong></span> 
     </span>
     <span class='ocr_line' id='line_1_40' title="bbox 288 3093 1080 3167; baseline -0.001 -16"><span class='ocrx_word' id='word_1_297' title='bbox 288 3105 315 3151; x_wconf 89' lang='lat' dir='ltr'><strong>et</strong></span> <span class='ocrx_word' id='word_1_298' title='bbox 329 3097 399 3167; x_wconf 80' lang='lat' dir='ltr'><strong>qued</strong></span> <span class='ocrx_word' id='word_1_299' title='bbox 413 3107 453 3154; x_wconf 90' lang='grc' dir='ltr'><strong>εει</strong></span> <span class='ocrx_word' id='word_1_300' title='bbox 468 3099 494 3154; x_wconf 93' lang='lat' dir='ltr'><strong>in</strong></span> <span class='ocrx_word' id='word_1_301' title='bbox 505 3099 565 3155; x_wconf 91' lang='lat' dir='ltr'><strong>cibo</strong></span> <span class='ocrx_word' id='word_1_302' title='bbox 575 3099 648 3154; x_wconf 90' lang='lat' dir='ltr'><strong>licito</strong></span> <span class='ocrx_word' id='word_1_303' title='bbox 661 3097 860 3152; x_wconf 84' lang='lat' dir='ltr'><strong>immoderatior</strong></span> <span class='ocrx_word' id='word_1_304' title='bbox 871 3095 1011 3164; x_wconf 89' lang='lat' dir='ltr'><strong>appetitus,</strong></span> <span class='ocrx_word' id='word_1_305' title='bbox 1029 3093 1080 3150; x_wconf 78' lang='lat' dir='ltr'><strong>troc</strong></span> 
     </span>
     <span class='ocr_line' id='line_1_41' title="bbox 288 3169 895 3240; baseline -0.01 -16"><span class='ocrx_word' id='word_1_306' title='bbox 288 3169 365 3224; x_wconf 87' lang='lat' dir='ltr'><strong>estin</strong></span> <span class='ocrx_word' id='word_1_307' title='bbox 381 3169 538 3240; x_wconf 79' lang='lat' dir='ltr'><strong>certiugibus</strong></span> <span class='ocrx_word' id='word_1_308' title='bbox 549 3169 658 3225; x_wconf 83' lang='lat' dir='ltr'><strong>venialis</strong></span> <span class='ocrx_word' id='word_1_309' title='bbox 673 3169 718 3223; x_wconf 88' lang='lat' dir='ltr'><strong>ille</strong></span> <span class='ocrx_word' id='word_1_310' title='bbox 731 3169 895 3223; x_wconf 86' lang='lat' dir='ltr'><strong>corrcuhitns.</strong></span> 
     </span>
    </p>

    <p class='ocr_par' dir='ltr' id='par_1_4' title="bbox 315 3235 1054 3312">
     <span class='ocr_line' id='line_1_42' title="bbox 315 3235 1054 3312; baseline -0.007 -19"><span class='ocrx_word' id='word_1_311' title='bbox 315 3238 376 3293; x_wconf 85' lang='lat' dir='ltr'><strong>Non</strong></span> <span class='ocrx_word' id='word_1_312' title='bbox 390 3245 525 3312; x_wconf 68' lang='lat' dir='ltr'><strong>prefertur</strong></span> <span class='ocrx_word' id='word_1_313' title='bbox 538 3240 668 3312; x_wconf 78' lang='lat' dir='ltr'><strong>virginitas</strong></span> <span class='ocrx_word' id='word_1_314' title='bbox 681 3239 792 3294; x_wconf 79' lang='lat' dir='ltr'><strong>ioannis</strong></span> <span class='ocrx_word' id='word_1_315' title='bbox 806 3236 915 3293; x_wconf 82' lang='lat' dir='ltr'><strong>castitati</strong></span> <span class='ocrx_word' id='word_1_316' title='bbox 930 3235 1054 3289; x_wconf 67' lang='lat' dir='ltr'><strong>Abrahae!</strong></span> 
     </span>
    </p>

    <p class='ocr_par' dir='ltr' id='par_1_5' title="bbox 227 3305 1082 5072">
     <span class='ocr_line' id='line_1_43' title="bbox 323 3305 1080 3377; baseline -0.007 -13"><span class='ocrx_word' id='word_1_317' title='bbox 323 3309 350 3364; x_wconf 78' lang='lat'><strong>2.</strong></span> <span class='ocrx_word' id='word_1_318' title='bbox 369 3309 444 3377; x_wconf 75' lang='lat' dir='ltr'><strong>bubo</strong></span> <span class='ocrx_word' id='word_1_319' title='bbox 463 3311 527 3366; x_wconf 87' lang='lat' dir='ltr'><strong>verb</strong></span> <span class='ocrx_word' id='word_1_320' title='bbox 543 3312 649 3366; x_wconf 86' lang='lat' dir='ltr'><strong>castitas</strong></span> <span class='ocrx_word' id='word_1_321' title='bbox 664 3311 687 3364; x_wconf 84' lang='lat' dir='ltr'><strong>ri</strong></span> <span class='ocrx_word' id='word_1_322' title='bbox 723 3309 800 3364; x_wconf 87' lang='lat' dir='ltr'><strong>inalis</strong></span> <span class='ocrx_word' id='word_1_323' title='bbox 817 3325 869 3363; x_wconf 83' lang='lat' dir='ltr'><strong>tren</strong></span> <span class='ocrx_word' id='word_1_324' title='bbox 885 3310 1041 3377; x_wconf 80' lang='lat' dir='ltr'><strong>prateratur</strong></span> <span class='ocrx_word' id='word_1_325' title='bbox 1052 3305 1080 3360; x_wconf 93' lang='lat' dir='ltr'><strong>in</strong></span> 
     </span>
     <span class='ocr_line' id='line_1_44' title="bbox 289 3377 1081 3453; baseline -0.004 -19"><span class='ocrx_word' id='word_1_326' title='bbox 289 3380 385 3436; x_wconf 88' lang='lat' dir='ltr'><strong>merito</strong></span> <span class='ocrx_word' id='word_1_327' title='bbox 398 3382 531 3453; x_wconf 88' lang='lat' dir='ltr'><strong>conjugati</strong></span> <span class='ocrx_word' id='word_1_328' title='bbox 550 3381 664 3436; x_wconf 86' lang='lat' dir='ltr'><strong>castitati</strong></span> <span class='ocrx_word' id='word_1_329' title='bbox 684 3384 705 3435; x_wconf 91' lang='lat' dir='ltr'><strong>A</strong></span> <span class='ocrx_word' id='word_1_330' title='bbox 728 3380 814 3446; x_wconf 78' lang='lat' dir='ltr'><strong>rabat,</strong></span> <span class='ocrx_word' id='word_1_331' title='bbox 830 3381 942 3448; x_wconf 78' lang='lat' dir='ltr'><strong>August.</strong></span> <span class='ocrx_word' id='word_1_332' title='bbox 964 3377 1081 3432; x_wconf 87' lang='lat' dir='ltr'><strong>ostendit</strong></span> 
     </span>
     <span class='ocr_line' id='line_1_45' title="bbox 288 3448 1080 3522; baseline -0.004 -17"><span class='ocrx_word' id='word_1_333' title='bbox 288 3451 428 3520; x_wconf 85' lang='lat' dir='ltr'><strong>inquiens,</strong></span> <span class='ocrx_word' id='word_1_334' title='bbox 445 3453 471 3508; x_wconf 91' lang='lat' dir='ltr'><strong>iu</strong></span> <span class='ocrx_word' id='word_1_335' title='bbox 488 3453 533 3507; x_wconf 90' lang='lat' dir='ltr'><strong>tib.</strong></span> <span class='ocrx_word' id='word_1_336' title='bbox 549 3452 583 3507; x_wconf 87' lang='lat' dir='ltr'><strong>de</strong></span> <span class='ocrx_word' id='word_1_337' title='bbox 597 3453 672 3506; x_wconf 65' lang='lat' dir='ltr'><strong>Bruto</strong></span> <span class='ocrx_word' id='word_1_338' title='bbox 685 3452 809 3522; x_wconf 74' lang='lat' dir='ltr'><strong>coniug,</strong></span> <span class='ocrx_word' id='word_1_339' title='bbox 824 3466 849 3506; x_wconf 91' lang='lat' dir='ltr'><strong>c.</strong></span> <span class='ocrx_word' id='word_1_340' title='bbox 867 3451 898 3504; x_wconf 73' lang='lat' dir='ltr'><strong>at</strong></span> <span class='ocrx_word' id='word_1_341' title='bbox 918 3467 925 3504; x_wconf 89' lang='lat'>:</span> <span class='ocrx_word' id='word_1_342' title='bbox 938 3448 1013 3504; x_wconf 90' lang='lat' dir='ltr'><strong>Sicut</strong></span> <span class='ocrx_word' id='word_1_343' title='bbox 1026 3463 1080 3502; x_wconf 93' lang='lat' dir='ltr'><strong>non</strong></span> 
     </span>
     <span class='ocr_line' id='line_1_46' title="bbox 289 3519 1079 3593; baseline -0.005 -17"><span class='ocrx_word' id='word_1_344' title='bbox 289 3531 331 3576; x_wconf 90' lang='lat' dir='ltr'><strong>est</strong></span> <span class='ocrx_word' id='word_1_345' title='bbox 346 3523 432 3590; x_wconf 89' lang='lat' dir='ltr'><strong>impar</strong></span> <span class='ocrx_word' id='word_1_346' title='bbox 442 3525 566 3578; x_wconf 89' lang='lat' dir='ltr'><strong>meritum</strong></span> <span class='ocrx_word' id='word_1_347' title='bbox 580 3522 714 3593; x_wconf 75' lang='lat' dir='ltr'><strong>patientta</strong></span> <span class='ocrx_word' id='word_1_348' title='bbox 730 3523 756 3576; x_wconf 92' lang='lat' dir='ltr'><strong>in</strong></span> <span class='ocrx_word' id='word_1_349' title='bbox 770 3523 849 3576; x_wconf 88' lang='lat' dir='ltr'><strong>Petro</strong></span> <span class='ocrx_word' id='word_1_350' title='bbox 862 3519 907 3590; x_wconf 84' lang='lat' dir='ltr'><strong>qui</strong></span> <span class='ocrx_word' id='word_1_351' title='bbox 920 3534 1013 3590; x_wconf 86' lang='lat' dir='ltr'><strong>passus</strong></span> <span class='ocrx_word' id='word_1_352' title='bbox 1027 3527 1079 3584; x_wconf 91' lang='grc' dir='ltr'><strong>εει,</strong></span> 
     </span>
     <span class='ocr_line' id='line_1_47' title="bbox 289 3589 1081 3663; baseline -0.003 -18"><span class='ocrx_word' id='word_1_353' title='bbox 289 3601 317 3646; x_wconf 93' lang='grc' dir='ltr'><strong>ει</strong></span> <span class='ocrx_word' id='word_1_354' title='bbox 333 3592 360 3645; x_wconf 89' lang='lat' dir='ltr'><strong>in</strong></span> <span class='ocrx_word' id='word_1_355' title='bbox 377 3591 478 3647; x_wconf 89' lang='lat' dir='ltr'><strong>ieaunc</strong></span> <span class='ocrx_word' id='word_1_356' title='bbox 493 3594 537 3663; x_wconf 80' lang='lat' dir='ltr'><strong>uui</strong></span> <span class='ocrx_word' id='word_1_357' title='bbox 554 3608 646 3663; x_wconf 87' lang='lat' dir='ltr'><strong>passus</strong></span> <span class='ocrx_word' id='word_1_358' title='bbox 663 3607 716 3646; x_wconf 79' lang='lat' dir='ltr'><strong>stoa</strong></span> <span class='ocrx_word' id='word_1_359' title='bbox 730 3600 791 3647; x_wconf 84' lang='lat' dir='ltr'><strong>est:</strong></span> <span class='ocrx_word' id='word_1_360' title='bbox 809 3592 848 3646; x_wconf 88' lang='lat' dir='ltr'><strong>sic</strong></span> <span class='ocrx_word' id='word_1_361' title='bbox 865 3605 917 3644; x_wconf 90' lang='lat' dir='ltr'><strong>uon</strong></span> <span class='ocrx_word' id='word_1_362' title='bbox 935 3599 977 3644; x_wconf 90' lang='lat' dir='ltr'><strong>est</strong></span> <span class='ocrx_word' id='word_1_363' title='bbox 996 3589 1081 3658; x_wconf 88' lang='lat' dir='ltr'><strong>impar</strong></span> 
     </span>
     <span class='ocr_line' id='line_1_48' title="bbox 289 3661 1080 3731; baseline -0.001 -15"><span class='ocrx_word' id='word_1_364' title='bbox 289 3662 412 3717; x_wconf 85' lang='lat' dir='ltr'><strong>meritura</strong></span> <span class='ocrx_word' id='word_1_365' title='bbox 425 3664 595 3718; x_wconf 84' lang='lat' dir='ltr'><strong>continentiae</strong></span> <span class='ocrx_word' id='word_1_366' title='bbox 612 3664 638 3717; x_wconf 94' lang='lat' dir='ltr'><strong>in</strong></span> <span class='ocrx_word' id='word_1_367' title='bbox 654 3663 773 3728; x_wconf 80' lang='lat' dir='ltr'><strong>iortnno,</strong></span> <span class='ocrx_word' id='word_1_368' title='bbox 793 3663 835 3731; x_wconf 82' lang='lat' dir='ltr'><strong>aui</strong></span> <span class='ocrx_word' id='word_1_369' title='bbox 855 3661 941 3715; x_wconf 82' lang='lat' dir='ltr'><strong>trullas</strong></span> <span class='ocrx_word' id='word_1_370' title='bbox 954 3668 1080 3730; x_wconf 84' lang='lat' dir='ltr'><strong>expertus</strong></span> 
     </span>
     <span class='ocr_line' id='line_1_49' title="bbox 289 3729 1080 3803; baseline -0.001 -17"><span class='ocrx_word' id='word_1_371' title='bbox 289 3743 332 3787; x_wconf 89' lang='lat' dir='ltr'><strong>est</strong></span> <span class='ocrx_word' id='word_1_372' title='bbox 350 3733 472 3802; x_wconf 85' lang='lat' dir='ltr'><strong>nuptias,</strong></span> <span class='ocrx_word' id='word_1_373' title='bbox 487 3743 515 3790; x_wconf 92' lang='lat' dir='ltr'><strong>et</strong></span> <span class='ocrx_word' id='word_1_374' title='bbox 530 3736 555 3787; x_wconf 92' lang='lat' dir='ltr'><strong>in</strong></span> <span class='ocrx_word' id='word_1_375' title='bbox 570 3734 723 3800; x_wconf 81' lang='lat' dir='ltr'><strong>Abrabam,</strong></span> <span class='ocrx_word' id='word_1_376' title='bbox 742 3733 785 3803; x_wconf 84' lang='lat' dir='ltr'><strong>qui</strong></span> <span class='ocrx_word' id='word_1_377' title='bbox 804 3733 872 3787; x_wconf 91' lang='lat' dir='ltr'><strong>lilios</strong></span> <span class='ocrx_word' id='word_1_378' title='bbox 889 3732 991 3800; x_wconf 86' lang='lat' dir='ltr'><strong>genuit.</strong></span> <span class='ocrx_word' id='word_1_379' title='bbox 1013 3729 1080 3785; x_wconf 88' lang='lat' dir='ltr'><strong>Nam</strong></span> 
     </span>
     <span class='ocr_line' id='line_1_50' title="bbox 290 3803 1080 3871; baseline -0.003 -13"><span class='ocrx_word' id='word_1_380' title='bbox 290 3803 361 3858; x_wconf 90' lang='lat' dir='ltr'><strong>rllius</strong></span> <span class='ocrx_word' id='word_1_381' title='bbox 382 3805 518 3860; x_wconf 69' lang='lat' dir='ltr'><strong>caelibatus</strong></span> <span class='ocrx_word' id='word_1_382' title='bbox 537 3814 565 3860; x_wconf 91' lang='grc' dir='ltr'><strong>ει</strong></span> <span class='ocrx_word' id='word_1_383' title='bbox 588 3804 663 3858; x_wconf 84' lang='grc' dir='ltr'><strong>ιειιιιε</strong></span> <span class='ocrx_word' id='word_1_384' title='bbox 682 3803 842 3858; x_wconf 88' lang='lat' dir='ltr'><strong>connubium</strong></span> <span class='ocrx_word' id='word_1_385' title='bbox 880 3817 910 3856; x_wconf 90' lang='lat' dir='ltr'><strong>ro</strong></span> <span class='ocrx_word' id='word_1_386' title='bbox 931 3811 1080 3871; x_wconf 86' lang='lat' dir='ltr'><strong>temporum</strong></span> 
     </span>
     <span class='ocr_line' id='line_1_51' title="bbox 290 3819 1080 3937; baseline -0.004 -8"><span class='ocrx_word' id='word_1_387' title='bbox 290 3873 479 3932; x_wconf 86' lang='lat' dir='ltr'><strong>distributione</strong></span> <span class='ocrx_word' id='word_1_388' title='bbox 493 3875 599 3932; x_wconf 84' lang='lat' dir='ltr'><strong>Christo</strong></span> <span class='ocrx_word' id='word_1_389' title='bbox 613 3874 807 3937; x_wconf 75' lang='lat' dir='ltr'><strong>militaverunt,</strong></span> <span class='ocrx_word' id='word_1_390' title='bbox 826 3819 878 3928; x_wconf 55' lang='lat' dir='ltr'><strong>suci</strong></span> <span class='ocrx_word' id='word_1_391' title='bbox 890 3871 1080 3926; x_wconf 88' lang='lat' dir='ltr'><strong>continentiam</strong></span> 
     </span>
     <span class='ocr_line' id='line_1_52' title="bbox 290 3939 1078 4016; baseline -0.004 -16"><span class='ocrx_word' id='word_1_392' title='bbox 290 3944 407 4000; x_wconf 83' lang='lat' dir='ltr'><strong>loannes</strong></span> <span class='ocrx_word' id='word_1_393' title='bbox 421 3947 445 4000; x_wconf 93' lang='lat' dir='ltr'><strong>in</strong></span> <span class='ocrx_word' id='word_1_394' title='bbox 461 3961 558 4016; x_wconf 80' lang='lat' dir='ltr'><strong>opero,</strong></span> <span class='ocrx_word' id='word_1_395' title='bbox 575 3945 708 4000; x_wconf 88' lang='lat' dir='ltr'><strong>Abrabam</strong></span> <span class='ocrx_word' id='word_1_396' title='bbox 727 3946 753 3999; x_wconf 92' lang='lat' dir='ltr'><strong>in</strong></span> <span class='ocrx_word' id='word_1_397' title='bbox 773 3945 831 4000; x_wconf 90' lang='lat' dir='ltr'><strong>solu</strong></span> <span class='ocrx_word' id='word_1_398' title='bbox 848 3942 961 3998; x_wconf 86' lang='lat' dir='ltr'><strong>babebat</strong></span> <span class='ocrx_word' id='word_1_399' title='bbox 978 3939 1078 3997; x_wconf 88' lang='lat' dir='ltr'><strong>habitu.</strong></span> 
     </span>
     <span class='ocr_line' id='line_1_53' title="bbox 290 4013 1079 4086; baseline -0.001 -17"><span class='ocrx_word' id='word_1_400' title='bbox 290 4015 381 4071; x_wconf 86' lang='lat' dir='ltr'><strong>blelier</strong></span> <span class='ocrx_word' id='word_1_401' title='bbox 400 4027 442 4072; x_wconf 88' lang='lat' dir='ltr'><strong>est</strong></span> <span class='ocrx_word' id='word_1_402' title='bbox 456 4029 545 4072; x_wconf 82' lang='lat' dir='ltr'><strong>autem</strong></span> <span class='ocrx_word' id='word_1_403' title='bbox 557 4019 665 4072; x_wconf 88' lang='lat' dir='ltr'><strong>castitas</strong></span> <span class='ocrx_word' id='word_1_404' title='bbox 684 4013 898 4086; x_wconf 74' lang='lat' dir='ltr'><strong>caulinianensis</strong></span> <span class='ocrx_word' id='word_1_405' title='bbox 914 4015 1079 4084; x_wconf 89' lang='lat' dir='ltr'><strong>nuptiarum;</strong></span> 
     </span>
     <span class='ocr_line' id='line_1_54' title="bbox 290 4083 1080 4156; baseline 0 -18"><span class='ocrx_word' id='word_1_406' title='bbox 290 4102 401 4156; x_wconf 77' lang='lat' dir='ltr'><strong>tyriarum</strong></span> <span class='ocrx_word' id='word_1_407' title='bbox 423 4103 502 4144; x_wconf 83' lang='lat' dir='ltr'><strong>urtam</strong></span> <span class='ocrx_word' id='word_1_408' title='bbox 525 4088 659 4142; x_wconf 84' lang='lat' dir='ltr'><strong>Alnahnrn</strong></span> <span class='ocrx_word' id='word_1_409' title='bbox 680 4087 793 4144; x_wconf 87' lang='lat' dir='ltr'><strong>habebat</strong></span> <span class='ocrx_word' id='word_1_410' title='bbox 813 4085 838 4140; x_wconf 93' lang='lat' dir='ltr'><strong>in</strong></span> <span class='ocrx_word' id='word_1_411' title='bbox 860 4101 926 4143; x_wconf 79' lang='lat' dir='ltr'><strong>arsur.</strong></span> <span class='ocrx_word' id='word_1_412' title='bbox 942 4083 1034 4140; x_wconf 84' lang='lat' dir='ltr'><strong>arrrbas</strong></span> <span class='ocrx_word' id='word_1_413' title='bbox 1054 4084 1080 4139; x_wconf 93' lang='lat' dir='ltr'><strong>in</strong></span> 
     </span>
     <span class='ocr_line' id='line_1_55' title="bbox 290 4155 1080 4228; baseline -0.004 -18"><span class='ocrx_word' id='word_1_414' title='bbox 290 4155 391 4214; x_wconf 93' lang='lat' dir='ltr'><strong>habitu.</strong></span> <span class='ocrx_word' id='word_1_415' title='bbox 410 4158 487 4214; x_wconf 78' lang='lat' dir='ltr'><strong>Casti</strong></span> <span class='ocrx_word' id='word_1_416' title='bbox 499 4160 570 4214; x_wconf 88' lang='lat' dir='ltr'><strong>euim</strong></span> <span class='ocrx_word' id='word_1_417' title='bbox 588 4166 616 4213; x_wconf 92' lang='lat' dir='ltr'><strong>et</strong></span> <span class='ocrx_word' id='word_1_418' title='bbox 629 4158 804 4228; x_wconf 81' lang='lat' dir='ltr'><strong>corrjrrgaliter</strong></span> <span class='ocrx_word' id='word_1_419' title='bbox 816 4155 890 4211; x_wconf 84' lang='lat' dir='ltr'><strong>visit.</strong></span> <span class='ocrx_word' id='word_1_420' title='bbox 904 4157 972 4212; x_wconf 85' lang='lat' dir='ltr'><strong>Esse</strong></span> <span class='ocrx_word' id='word_1_421' title='bbox 990 4164 1080 4210; x_wconf 89' lang='lat' dir='ltr'><strong>nutem</strong></span> 
     </span>
     <span class='ocr_line' id='line_1_56' title="bbox 290 4225 1078 4300; baseline -0.001 -20"><span class='ocrx_word' id='word_1_422' title='bbox 290 4235 379 4282; x_wconf 87' lang='lat' dir='ltr'><strong>castus</strong></span> <span class='ocrx_word' id='word_1_423' title='bbox 400 4230 458 4286; x_wconf 91' lang='lat' dir='ltr'><strong>sine</strong></span> <span class='ocrx_word' id='word_1_424' title='bbox 477 4228 600 4300; x_wconf 68' lang='lat' dir='ltr'><strong>coniugio</strong></span> <span class='ocrx_word' id='word_1_425' title='bbox 615 4230 715 4299; x_wconf 89' lang='lat' dir='ltr'><strong>potuit,</strong></span> <span class='ocrx_word' id='word_1_426' title='bbox 736 4227 782 4284; x_wconf 90' lang='lat' dir='ltr'><strong>sed</strong></span> <span class='ocrx_word' id='word_1_427' title='bbox 804 4239 865 4282; x_wconf 94' lang='lat' dir='ltr'><strong>tuuc</strong></span> <span class='ocrx_word' id='word_1_428' title='bbox 883 4243 934 4282; x_wconf 81' lang='lat' dir='ltr'><strong>riou</strong></span> <span class='ocrx_word' id='word_1_429' title='bbox 952 4225 1078 4296; x_wconf 88' lang='lat' dir='ltr'><strong>oportuit.</strong></span> 
     </span>
     <span class='ocr_line' id='line_1_57' title="bbox 293 4297 1082 4370; baseline 0.003 -20"><span class='ocrx_word' id='word_1_430' title='bbox 293 4297 357 4351; x_wconf 86' lang='lat' dir='ltr'><strong>lteur</strong></span> <span class='ocrx_word' id='word_1_431' title='bbox 373 4298 481 4354; x_wconf 90' lang='lat' dir='ltr'><strong>llieron.</strong></span> <span class='ocrx_word' id='word_1_432' title='bbox 500 4301 545 4366; x_wconf 74' lang='grc' dir='ltr'><strong>δι,</strong></span> <span class='ocrx_word' id='word_1_433' title='bbox 559 4315 587 4369; x_wconf 79' lang='lat' dir='ltr'><strong>ty.</strong></span> <span class='ocrx_word' id='word_1_434' title='bbox 602 4300 633 4359; x_wconf 82' lang='grc' dir='ltr'><strong>ι.</strong></span> <span class='ocrx_word' id='word_1_435' title='bbox 649 4315 674 4354; x_wconf 86' lang='lat' dir='ltr'><strong>c.</strong></span> <span class='ocrx_word' id='word_1_436' title='bbox 690 4300 754 4366; x_wconf 83' lang='lat' dir='ltr'><strong>Quis</strong></span> <span class='ocrx_word' id='word_1_437' title='bbox 769 4300 864 4370; x_wconf 81' lang='lat' dir='ltr'><strong>ignoret</strong></span> <span class='ocrx_word' id='word_1_438' title='bbox 878 4297 960 4366; x_wconf 79' lang='lat' dir='ltr'><strong>:Quis</strong></span> <span class='ocrx_word' id='word_1_439' title='bbox 978 4297 1082 4366; x_wconf 82' lang='lat' dir='ltr'><strong>ignoret</strong></span> 
     </span>
     <span class='ocr_line' id='line_1_58' title="bbox 292 4367 1081 4439; baseline 0.003 -19"><span class='ocrx_word' id='word_1_440' title='bbox 292 4368 342 4422; x_wconf 93' lang='lat' dir='ltr'><strong>sub</strong></span> <span class='ocrx_word' id='word_1_441' title='bbox 357 4370 408 4423; x_wconf 84' lang='lat' dir='ltr'><strong>nita</strong></span> <span class='ocrx_word' id='word_1_442' title='bbox 423 4369 621 4439; x_wconf 85' lang='lat' dir='ltr'><strong>disponsatione</strong></span> <span class='ocrx_word' id='word_1_443' title='bbox 637 4371 684 4425; x_wconf 85' lang='lat' dir='ltr'><strong>liei</strong></span> <span class='ocrx_word' id='word_1_444' title='bbox 697 4385 790 4425; x_wconf 82' lang='lat' dir='ltr'><strong>ornares</strong></span> <span class='ocrx_word' id='word_1_445' title='bbox 805 4369 876 4423; x_wconf 83' lang='lat' dir='ltr'><strong>retrb</strong></span> <span class='ocrx_word' id='word_1_446' title='bbox 890 4378 998 4424; x_wconf 90' lang='lat' dir='ltr'><strong>sanctos</strong></span> <span class='ocrx_word' id='word_1_447' title='bbox 1011 4367 1081 4438; x_wconf 86' lang='lat' dir='ltr'><strong>ejus·</strong></span> 
     </span>
     <span class='ocr_line' id='line_1_59' title="bbox 227 4437 1080 4510; baseline -0.002 -16"><span class='ocrx_word' id='word_1_448' title='bbox 227 4441 232 4448; x_wconf 92' lang='lat'>&#39;</span> <span class='ocrx_word' id='word_1_449' title='bbox 291 4437 351 4494; x_wconf 87' lang='lat' dir='ltr'><strong>dent</strong></span> <span class='ocrx_word' id='word_1_450' title='bbox 374 4439 455 4494; x_wconf 86' lang='lat' dir='ltr'><strong>luisse</strong></span> <span class='ocrx_word' id='word_1_451' title='bbox 475 4439 573 4505; x_wconf 81' lang='lat' dir='ltr'><strong>atteriti,</strong></span> <span class='ocrx_word' id='word_1_452' title='bbox 588 4440 664 4510; x_wconf 77' lang='lat' dir='ltr'><strong>caritas</strong></span> <span class='ocrx_word' id='word_1_453' title='bbox 680 4454 752 4494; x_wconf 91' lang='lat' dir='ltr'><strong>uuae</strong></span> <span class='ocrx_word' id='word_1_454' title='bbox 765 4439 903 4494; x_wconf 87' lang='lat' dir='ltr'><strong>christiani</strong></span> <span class='ocrx_word' id='word_1_455' title='bbox 916 4437 995 4494; x_wconf 83' lang='lat' dir='ltr'><strong>santi</strong></span> <span class='ocrx_word' id='word_1_456' title='bbox 1008 4439 1080 4504; x_wconf 80' lang='lat' dir='ltr'><strong>Quo·</strong></span> 
     </span>
     <span class='ocr_line' id='line_1_60' title="bbox 292 4508 1081 4632; baseline 0 -70"><span class='ocrx_word' id='word_1_457' title='bbox 292 4508 372 4564; x_wconf 83' lang='lat' dir='ltr'><strong>rrtodb</strong></span> <span class='ocrx_word' id='word_1_458' title='bbox 385 4511 518 4566; x_wconf 83' lang='lat' dir='ltr'><strong>Abrabam</strong></span> <span class='ocrx_word' id='word_1_459' title='bbox 533 4519 594 4564; x_wconf 84' lang='lat' dir='ltr'><strong>ante</strong></span> <span class='ocrx_word' id='word_1_460' title='bbox 606 4510 703 4578; x_wconf 89' lang='lat' dir='ltr'><strong>placuit</strong></span> <span class='ocrx_word' id='word_1_461' title='bbox 714 4511 739 4564; x_wconf 95' lang='lat' dir='ltr'><strong>iu</strong></span> <span class='ocrx_word' id='word_1_462' title='bbox 751 4509 883 4632; x_wconf 49' lang='lat' dir='ltr'><strong>corrjufia</strong></span> <span class='ocrx_word' id='word_1_463' title='bbox 895 4511 934 4564; x_wconf 89' lang='lat' dir='ltr'><strong>sie</strong></span> <span class='ocrx_word' id='word_1_464' title='bbox 946 4524 1016 4564; x_wconf 86' lang='lat' dir='ltr'><strong>rturte</strong></span> <span class='ocrx_word' id='word_1_465' title='bbox 1028 4509 1081 4562; x_wconf 85' lang='lat' dir='ltr'><strong>vir·</strong></span> 
     </span>
     <span class='ocr_line' id='line_1_61' title="bbox 291 4577 1080 4651; baseline 0 -19"><span class='ocrx_word' id='word_1_466' title='bbox 291 4578 366 4648; x_wconf 86' lang='lat' dir='ltr'><strong>gines</strong></span> <span class='ocrx_word' id='word_1_467' title='bbox 382 4581 485 4649; x_wconf 88' lang='lat' dir='ltr'><strong>placent</strong></span> <span class='ocrx_word' id='word_1_468' title='bbox 499 4580 525 4634; x_wconf 93' lang='lat' dir='ltr'><strong>in</strong></span> <span class='ocrx_word' id='word_1_469' title='bbox 538 4580 667 4636; x_wconf 86' lang='lat' dir='ltr'><strong>castitate.</strong></span> <span class='ocrx_word' id='word_1_470' title='bbox 683 4579 799 4651; x_wconf 83' lang='lat' dir='ltr'><strong>Servivit</strong></span> <span class='ocrx_word' id='word_1_471' title='bbox 812 4580 827 4634; x_wconf 94' lang='lat' dir='ltr'><strong>il</strong></span> <span class='ocrx_word' id='word_1_472' title='bbox 840 4593 855 4632; x_wconf 91' lang='grc' dir='ltr'><strong>ε</strong></span> <span class='ocrx_word' id='word_1_473' title='bbox 868 4579 918 4650; x_wconf 72' lang='lat' dir='ltr'><strong>legi</strong></span> <span class='ocrx_word' id='word_1_474' title='bbox 930 4587 956 4634; x_wconf 90' lang='lat' dir='ltr'><strong>et</strong></span> <span class='ocrx_word' id='word_1_475' title='bbox 969 4577 1080 4648; x_wconf 84' lang='lat' dir='ltr'><strong>terrrpori</strong></span> 
     </span>
     <span class='ocr_line' id='line_1_62' title="bbox 291 4650 1081 4720; baseline -0.003 -14"><span class='ocrx_word' id='word_1_476' title='bbox 291 4665 355 4714; x_wconf 80' lang='lat' dir='ltr'><strong>stro;</strong></span> <span class='ocrx_word' id='word_1_477' title='bbox 367 4652 514 4707; x_wconf 85' lang='lat' dir='ltr'><strong>serriaruus</strong></span> <span class='ocrx_word' id='word_1_478' title='bbox 528 4661 555 4706; x_wconf 92' lang='lat' dir='ltr'><strong>et</strong></span> <span class='ocrx_word' id='word_1_479' title='bbox 570 4665 619 4704; x_wconf 77' lang='lat' dir='ltr'><strong>nats</strong></span> <span class='ocrx_word' id='word_1_480' title='bbox 634 4651 682 4720; x_wconf 84' lang='lat' dir='ltr'><strong>legi</strong></span> <span class='ocrx_word' id='word_1_481' title='bbox 694 4659 721 4707; x_wconf 87' lang='lat' dir='ltr'><strong>ct</strong></span> <span class='ocrx_word' id='word_1_482' title='bbox 733 4651 844 4720; x_wconf 85' lang='lat' dir='ltr'><strong>terrtpori</strong></span> <span class='ocrx_word' id='word_1_483' title='bbox 859 4661 961 4717; x_wconf 81' lang='lat' dir='ltr'><strong>nostro,</strong></span> <span class='ocrx_word' id='word_1_484' title='bbox 975 4650 1001 4703; x_wconf 93' lang='lat' dir='ltr'><strong>in</strong></span> <span class='ocrx_word' id='word_1_485' title='bbox 1014 4665 1081 4718; x_wconf 81' lang='lat' dir='ltr'><strong>auos</strong></span> 
     </span>
     <span class='ocr_line' id='line_1_63' title="bbox 292 4718 1082 4792; baseline 0 -18"><span class='ocrx_word' id='word_1_486' title='bbox 292 4721 359 4776; x_wconf 77' lang='lat' dir='ltr'><strong>hrrcs</strong></span> <span class='ocrx_word' id='word_1_487' title='bbox 369 4722 519 4777; x_wconf 89' lang='lat' dir='ltr'><strong>seculorum</strong></span> <span class='ocrx_word' id='word_1_488' title='bbox 530 4722 704 4778; x_wconf 81' lang='lat' dir='ltr'><strong>devenerunt.</strong></span> <span class='ocrx_word' id='word_1_489' title='bbox 718 4723 757 4777; x_wconf 82' lang='lat' dir='ltr'><strong>Es</strong></span> <span class='ocrx_word' id='word_1_490' title='bbox 771 4722 812 4776; x_wconf 86' lang='lat' dir='ltr'><strong>his</strong></span> <span class='ocrx_word' id='word_1_491' title='bbox 822 4732 932 4792; x_wconf 88' lang='lat' dir='ltr'><strong>apparet</strong></span> <span class='ocrx_word' id='word_1_492' title='bbox 943 4718 1015 4790; x_wconf 82' lang='lat' dir='ltr'><strong>quod</strong></span> <span class='ocrx_word' id='word_1_493' title='bbox 1024 4733 1082 4774; x_wconf 90' lang='lat' dir='ltr'><strong>san·</strong></span> 
     </span>
     <span class='ocr_line' id='line_1_64' title="bbox 292 4790 1082 4864; baseline 0.003 -18"><span class='ocrx_word' id='word_1_494' title='bbox 292 4793 327 4847; x_wconf 92' lang='lat' dir='ltr'><strong>cti</strong></span> <span class='ocrx_word' id='word_1_495' title='bbox 343 4790 435 4848; x_wconf 86' lang='lat' dir='ltr'><strong>Patres</strong></span> <span class='ocrx_word' id='word_1_496' title='bbox 447 4801 511 4848; x_wconf 83' lang='lat' dir='ltr'><strong>artie</strong></span> <span class='ocrx_word' id='word_1_497' title='bbox 525 4793 609 4862; x_wconf 88' lang='lat' dir='ltr'><strong>lcgeur</strong></span> <span class='ocrx_word' id='word_1_498' title='bbox 627 4793 684 4848; x_wconf 92' lang='lat' dir='ltr'><strong>siue</strong></span> <span class='ocrx_word' id='word_1_499' title='bbox 703 4803 810 4864; x_wconf 89' lang='lat' dir='ltr'><strong>peccatu</strong></span> <span class='ocrx_word' id='word_1_500' title='bbox 826 4792 916 4861; x_wconf 90' lang='lat' dir='ltr'><strong>plures</strong></span> <span class='ocrx_word' id='word_1_501' title='bbox 932 4791 1082 4848; x_wconf 90' lang='lat' dir='ltr'><strong>babuerunt</strong></span> 
     </span>
     <span class='ocr_line' id='line_1_65' title="bbox 292 4863 1081 4932; baseline -0.003 -14"><span class='ocrx_word' id='word_1_502' title='bbox 292 4877 388 4918; x_wconf 72' lang='lat' dir='ltr'><strong>artures</strong></span> <span class='ocrx_word' id='word_1_503' title='bbox 403 4864 443 4919; x_wconf 85' lang='lat' dir='ltr'><strong>rel</strong></span> <span class='ocrx_word' id='word_1_504' title='bbox 456 4863 628 4920; x_wconf 86' lang='lat' dir='ltr'><strong>concubinas.</strong></span> <span class='ocrx_word' id='word_1_505' title='bbox 645 4865 695 4920; x_wconf 65' lang='lat' dir='ltr'><strong>llas</strong></span> <span class='ocrx_word' id='word_1_506' title='bbox 709 4864 780 4920; x_wconf 82' lang='lat' dir='ltr'><strong>erriru</strong></span> <span class='ocrx_word' id='word_1_507' title='bbox 795 4879 866 4920; x_wconf 86' lang='lat' dir='ltr'><strong>rrune</strong></span> <span class='ocrx_word' id='word_1_508' title='bbox 879 4877 976 4917; x_wconf 77' lang='lat' dir='ltr'><strong>risores</strong></span> <span class='ocrx_word' id='word_1_509' title='bbox 989 4863 1081 4932; x_wconf 90' lang='lat' dir='ltr'><strong>appel-</strong></span> 
     </span>
     <span class='ocr_line' id='line_1_66' title="bbox 292 4933 1081 5005; baseline 0 -17"><span class='ocrx_word' id='word_1_510' title='bbox 292 4934 328 4988; x_wconf 88' lang='lat' dir='ltr'><strong>lat</strong></span> <span class='ocrx_word' id='word_1_511' title='bbox 344 4935 494 5005; x_wconf 87' lang='lat' dir='ltr'><strong>Scriptura,</strong></span> <span class='ocrx_word' id='word_1_512' title='bbox 512 4950 582 4989; x_wconf 82' lang='lat' dir='ltr'><strong>rrrrrro</strong></span> <span class='ocrx_word' id='word_1_513' title='bbox 595 4936 766 4991; x_wconf 86' lang='lat' dir='ltr'><strong>cortcubinas.</strong></span> <span class='ocrx_word' id='word_1_514' title='bbox 780 4935 880 4991; x_wconf 82' lang='lat' dir='ltr'><strong>ilachel</strong></span> <span class='ocrx_word' id='word_1_515' title='bbox 893 4943 981 4990; x_wconf 88' lang='lat' dir='ltr'><strong>tamen</strong></span> <span class='ocrx_word' id='word_1_516' title='bbox 994 4943 1021 4988; x_wconf 90' lang='lat' dir='ltr'><strong>et</strong></span> <span class='ocrx_word' id='word_1_517' title='bbox 1034 4933 1081 4988; x_wconf 83' lang='lat' dir='ltr'><strong>hia</strong></span> 
     </span>
     <span class='ocr_line' id='line_1_67' title="bbox 291 5006 857 5072; baseline 0 -14"><span class='ocrx_word' id='word_1_518' title='bbox 291 5006 377 5061; x_wconf 74' lang='lat' dir='ltr'><strong>artabae</strong></span> <span class='ocrx_word' id='word_1_519' title='bbox 391 5021 486 5062; x_wconf 78' lang='lat' dir='ltr'><strong>uxores</strong></span> <span class='ocrx_word' id='word_1_520' title='bbox 499 5007 615 5072; x_wconf 89' lang='lat' dir='ltr'><strong>luerunt,</strong></span> <span class='ocrx_word' id='word_1_521' title='bbox 627 5022 679 5062; x_wconf 93' lang='lat' dir='ltr'><strong>non</strong></span> <span class='ocrx_word' id='word_1_522' title='bbox 693 5006 857 5062; x_wconf 82' lang='lat' dir='ltr'><strong>eoncrrbiuae.</strong></span> 
     </span>
    </p>

    <p class='ocr_par' dir='ltr' id='par_1_6' title="bbox 615 5077 756 5149">
     <span class='ocr_line' id='line_1_68' title="bbox 615 5077 756 5149; baseline -0.007 -17"><span class='ocrx_word' id='word_1_523' title='bbox 615 5077 756 5149; x_wconf 73' lang='lat' dir='ltr'><strong>(iyrpesitio.</strong></span> 
     </span>
    </p>

    <p class='ocr_par' dir='ltr' id='par_1_7' title="bbox 255 5146 1083 5854">
     <span class='ocr_line' id='line_1_69' title="bbox 328 5146 1083 5221; baseline -0.001 -18"><span class='ocrx_word' id='word_1_524' title='bbox 328 5149 354 5203; x_wconf 77' lang='lat' dir='ltr'><strong>b.</strong></span> <span class='ocrx_word' id='word_1_525' title='bbox 368 5146 395 5204; x_wconf 90' lang='lat' dir='ltr'><strong>Si</strong></span> <span class='ocrx_word' id='word_1_526' title='bbox 408 5149 467 5218; x_wconf 84' lang='lat' dir='ltr'><strong>quis</strong></span> <span class='ocrx_word' id='word_1_527' title='bbox 481 5159 598 5221; x_wconf 78' lang='lat' dir='ltr'><strong>opponat</strong></span> <span class='ocrx_word' id='word_1_528' title='bbox 609 5149 680 5220; x_wconf 79' lang='lat' dir='ltr'><strong>quod</strong></span> <span class='ocrx_word' id='word_1_529' title='bbox 696 5149 774 5204; x_wconf 91' lang='lat' dir='ltr'><strong>iidem</strong></span> <span class='ocrx_word' id='word_1_530' title='bbox 790 5147 860 5202; x_wconf 92' lang='lat' dir='ltr'><strong>thori</strong></span> <span class='ocrx_word' id='word_1_531' title='bbox 874 5161 927 5202; x_wconf 93' lang='lat' dir='ltr'><strong>non</strong></span> <span class='ocrx_word' id='word_1_532' title='bbox 940 5148 1083 5202; x_wconf 79' lang='lat' dir='ltr'><strong>seruabant</strong></span> 
     </span>
     <span class='ocr_line' id='line_1_70' title="bbox 255 5215 1081 5292; baseline 0 -20"><span class='ocrx_word' id='word_1_533' title='bbox 255 5285 265 5292; x_wconf 28' lang='lat'>³</span> <span class='ocrx_word' id='word_1_534' title='bbox 291 5217 329 5274; x_wconf 92' lang='lat' dir='ltr'><strong>illi</strong></span> <span class='ocrx_word' id='word_1_535' title='bbox 348 5228 446 5289; x_wconf 85' lang='lat' dir='ltr'><strong>patres,</strong></span> <span class='ocrx_word' id='word_1_536' title='bbox 460 5220 573 5274; x_wconf 89' lang='lat' dir='ltr'><strong>dicimus</strong></span> <span class='ocrx_word' id='word_1_537' title='bbox 586 5220 613 5275; x_wconf 94' lang='lat' dir='ltr'><strong>in</strong></span> <span class='ocrx_word' id='word_1_538' title='bbox 630 5222 680 5276; x_wconf 88' lang='lat' dir='ltr'><strong>ltec</strong></span> <span class='ocrx_word' id='word_1_539' title='bbox 695 5221 818 5275; x_wconf 81' lang='lat' dir='ltr'><strong>servisse</strong></span> <span class='ocrx_word' id='word_1_540' title='bbox 832 5215 912 5273; x_wconf 88' lang='lat' dir='ltr'><strong>iidem</strong></span> <span class='ocrx_word' id='word_1_541' title='bbox 925 5217 1006 5283; x_wconf 88' lang='lat' dir='ltr'><strong>thori,</strong></span> <span class='ocrx_word' id='word_1_542' title='bbox 1019 5218 1081 5288; x_wconf 85' lang='lat' dir='ltr'><strong>quia</strong></span> 
     </span>
     <span class='ocr_line' id='line_1_71' title="bbox 293 5288 1081 5362; baseline -0.003 -18"><span class='ocrx_word' id='word_1_543' title='bbox 293 5305 345 5345; x_wconf 90' lang='lat' dir='ltr'><strong>uon</strong></span> <span class='ocrx_word' id='word_1_544' title='bbox 357 5289 426 5358; x_wconf 86' lang='lat' dir='ltr'><strong>aliis,</strong></span> <span class='ocrx_word' id='word_1_545' title='bbox 438 5290 485 5346; x_wconf 91' lang='lat' dir='ltr'><strong>sed</strong></span> <span class='ocrx_word' id='word_1_546' title='bbox 497 5291 612 5362; x_wconf 88' lang='lat' dir='ltr'><strong>propriis</strong></span> <span class='ocrx_word' id='word_1_547' title='bbox 626 5291 753 5346; x_wconf 79' lang='lat' dir='ltr'><strong>uxoribus</strong></span> <span class='ocrx_word' id='word_1_548' title='bbox 765 5289 807 5344; x_wconf 83' lang='lat' dir='ltr'><strong>rel</strong></span> <span class='ocrx_word' id='word_1_549' title='bbox 820 5288 923 5344; x_wconf 88' lang='lat' dir='ltr'><strong>ancillis</strong></span> <span class='ocrx_word' id='word_1_550' title='bbox 933 5289 1081 5343; x_wconf 85' lang='lat' dir='ltr'><strong>nriseebau-</strong></span> 
     </span>
     <span class='ocr_line' id='line_1_72' title="bbox 292 5359 1079 5432; baseline -0.001 -18"><span class='ocrx_word' id='word_1_551' title='bbox 292 5368 344 5414; x_wconf 90' lang='lat' dir='ltr'><strong>tur.</strong></span> <span class='ocrx_word' id='word_1_552' title='bbox 357 5361 425 5417; x_wconf 87' lang='lat' dir='ltr'><strong>Ecce</strong></span> <span class='ocrx_word' id='word_1_553' title='bbox 437 5377 496 5432; x_wconf 76' lang='lat' dir='ltr'><strong>quar</strong></span> <span class='ocrx_word' id='word_1_554' title='bbox 507 5361 585 5416; x_wconf 86' lang='lat' dir='ltr'><strong>luerit</strong></span> <span class='ocrx_word' id='word_1_555' title='bbox 598 5360 760 5416; x_wconf 83' lang='lat' dir='ltr'><strong>cortsttetudo</strong></span> <span class='ocrx_word' id='word_1_556' title='bbox 773 5360 799 5414; x_wconf 94' lang='lat' dir='ltr'><strong>in</strong></span> <span class='ocrx_word' id='word_1_557' title='bbox 811 5359 863 5415; x_wconf 83' lang='lat' dir='ltr'><strong>hirc</strong></span> <span class='ocrx_word' id='word_1_558' title='bbox 873 5374 903 5415; x_wconf 88' lang='lat' dir='ltr'><strong>re</strong></span> <span class='ocrx_word' id='word_1_559' title='bbox 913 5367 974 5416; x_wconf 91' lang='lat' dir='ltr'><strong>aute</strong></span> <span class='ocrx_word' id='word_1_560' title='bbox 984 5359 1079 5430; x_wconf 86' lang='lat' dir='ltr'><strong>legem.</strong></span> 
     </span>
     <span class='ocr_line' id='line_1_73' title="bbox 293 5429 1082 5508; baseline 0 -24"><span class='ocrx_word' id='word_1_561' title='bbox 293 5431 371 5508; x_wconf 82' lang='lat' dir='ltr'><strong>hogis</strong></span> <span class='ocrx_word' id='word_1_562' title='bbox 385 5432 448 5487; x_wconf 75' lang='lat' dir='ltr'><strong>verb</strong></span> <span class='ocrx_word' id='word_1_563' title='bbox 462 5441 581 5502; x_wconf 89' lang='lat' dir='ltr'><strong>tempora</strong></span> <span class='ocrx_word' id='word_1_564' title='bbox 594 5431 730 5487; x_wconf 80' lang='lat' dir='ltr'><strong>interdixit</strong></span> <span class='ocrx_word' id='word_1_565' title='bbox 741 5431 845 5503; x_wconf 80' lang='lat' dir='ltr'><strong>Moyses</strong></span> <span class='ocrx_word' id='word_1_566' title='bbox 857 5429 989 5486; x_wconf 89' lang='lat' dir='ltr'><strong>carnalem</strong></span> <span class='ocrx_word' id='word_1_567' title='bbox 1000 5445 1082 5502; x_wconf 88' lang='lat' dir='ltr'><strong>copu-</strong></span> 
     </span>
     <span class='ocr_line' id='line_1_74' title="bbox 294 5503 1081 5568; baseline 0 -12"><span class='ocrx_word' id='word_1_568' title='bbox 294 5509 346 5556; x_wconf 92' lang='lat' dir='ltr'><strong>lam</strong></span> <span class='ocrx_word' id='word_1_569' title='bbox 362 5503 415 5556; x_wconf 84' lang='lat' dir='ltr'><strong>iiuri</strong></span> <span class='ocrx_word' id='word_1_570' title='bbox 429 5518 490 5558; x_wconf 85' lang='lat' dir='ltr'><strong>cunt</strong></span> <span class='ocrx_word' id='word_1_571' title='bbox 505 5512 597 5566; x_wconf 79' lang='lat' dir='ltr'><strong>raratre,</strong></span> <span class='ocrx_word' id='word_1_572' title='bbox 612 5517 672 5560; x_wconf 87' lang='lat' dir='ltr'><strong>cum</strong></span> <span class='ocrx_word' id='word_1_573' title='bbox 687 5505 812 5568; x_wconf 78' lang='lat' dir='ltr'><strong>rrurerci,</strong></span> <span class='ocrx_word' id='word_1_574' title='bbox 827 5515 887 5556; x_wconf 90' lang='lat' dir='ltr'><strong>cunr</strong></span> <span class='ocrx_word' id='word_1_575' title='bbox 903 5517 1006 5566; x_wconf 88' lang='lat' dir='ltr'><strong>sorore,</strong></span> <span class='ocrx_word' id='word_1_576' title='bbox 1021 5515 1081 5556; x_wconf 92' lang='lat' dir='ltr'><strong>curn</strong></span> 
     </span>
     <span class='ocr_line' id='line_1_75' title="bbox 293 5571 1081 5641; baseline 0.005 -15"><span class='ocrx_word' id='word_1_577' title='bbox 293 5581 382 5639; x_wconf 90' lang='lat' dir='ltr'><strong>nepte,</strong></span> <span class='ocrx_word' id='word_1_578' title='bbox 394 5588 454 5628; x_wconf 79' lang='lat' dir='ltr'><strong>curm</strong></span> <span class='ocrx_word' id='word_1_579' title='bbox 467 5575 558 5640; x_wconf 78' lang='lat' dir='ltr'><strong>omiti,</strong></span> <span class='ocrx_word' id='word_1_580' title='bbox 573 5590 632 5629; x_wconf 90' lang='lat' dir='ltr'><strong>curn</strong></span> <span class='ocrx_word' id='word_1_581' title='bbox 649 5575 802 5641; x_wconf 81' lang='lat' dir='ltr'><strong>matertera,</strong></span> <span class='ocrx_word' id='word_1_582' title='bbox 816 5587 878 5626; x_wconf 91' lang='lat' dir='ltr'><strong>cum</strong></span> <span class='ocrx_word' id='word_1_583' title='bbox 891 5589 967 5636; x_wconf 81' lang='lat' dir='ltr'><strong>narrt,</strong></span> <span class='ocrx_word' id='word_1_584' title='bbox 983 5581 1011 5627; x_wconf 92' lang='lat' dir='ltr'><strong>et</strong></span> <span class='ocrx_word' id='word_1_585' title='bbox 1023 5571 1081 5630; x_wconf 87' lang='lat' dir='ltr'><strong>aliis</strong></span> 
     </span>
     <span class='ocr_line' id='line_1_76' title="bbox 292 5642 1081 5712; baseline 0.004 -16"><span class='ocrx_word' id='word_1_586' title='bbox 292 5643 460 5712; x_wconf 84' lang='lat' dir='ltr'><strong>qrribusdarn.</strong></span> <span class='ocrx_word' id='word_1_587' title='bbox 471 5645 594 5700; x_wconf 88' lang='lat' dir='ltr'><strong>Permisit</strong></span> <span class='ocrx_word' id='word_1_588' title='bbox 603 5654 691 5700; x_wconf 87' lang='lat' dir='ltr'><strong>autern</strong></span> <span class='ocrx_word' id='word_1_589' title='bbox 701 5645 843 5700; x_wconf 79' lang='lat' dir='ltr'><strong>divortium</strong></span> <span class='ocrx_word' id='word_1_590' title='bbox 853 5642 908 5698; x_wconf 92' lang='lat' dir='ltr'><strong>lieri</strong></span> <span class='ocrx_word' id='word_1_591' title='bbox 920 5643 982 5700; x_wconf 89' lang='lat' dir='ltr'><strong>dato</strong></span> <span class='ocrx_word' id='word_1_592' title='bbox 991 5643 1081 5699; x_wconf 92' lang='lat' dir='ltr'><strong>libelle</strong></span> 
     </span>
     <span class='ocr_line' id='line_1_77' title="bbox 292 5713 1082 5786; baseline 0.004 -18"><span class='ocrx_word' id='word_1_593' title='bbox 292 5713 394 5784; x_wconf 88' lang='lat' dir='ltr'><strong>repudii</strong></span> <span class='ocrx_word' id='word_1_594' title='bbox 409 5715 435 5768; x_wconf 92' lang='lat' dir='ltr'><strong>iu</strong></span> <span class='ocrx_word' id='word_1_595' title='bbox 446 5732 497 5786; x_wconf 85' lang='lat' dir='ltr'><strong>quo</strong></span> <span class='ocrx_word' id='word_1_596' title='bbox 507 5717 548 5770; x_wconf 85' lang='lat' dir='ltr'><strong>rir</strong></span> <span class='ocrx_word' id='word_1_597' title='bbox 559 5716 691 5772; x_wconf 88' lang='lat' dir='ltr'><strong>scribebat</strong></span> <span class='ocrx_word' id='word_1_598' title='bbox 702 5731 796 5772; x_wconf 77' lang='lat' dir='ltr'><strong>canam</strong></span> <span class='ocrx_word' id='word_1_599' title='bbox 807 5731 854 5786; x_wconf 91' lang='lat' dir='ltr'><strong>pro</strong></span> <span class='ocrx_word' id='word_1_600' title='bbox 864 5715 961 5785; x_wconf 84' lang='lat' dir='ltr'><strong>quibus</strong></span> <span class='ocrx_word' id='word_1_601' title='bbox 971 5729 1082 5771; x_wconf 79' lang='lat' dir='ltr'><strong>uxorem</strong></span> 
     </span>
     <span class='ocr_line' id='line_1_78' title="bbox 293 5784 1082 5854; baseline 0.006 -14"><span class='ocrx_word' id='word_1_602' title='bbox 293 5784 457 5854; x_wconf 75' lang='lat' dir='ltr'><strong>repudiabat.</strong></span> <span class='ocrx_word' id='word_1_603' title='bbox 471 5786 597 5844; x_wconf 85' lang='lat' dir='ltr'><strong>Permisit</strong></span> <span class='ocrx_word' id='word_1_604' title='bbox 611 5797 700 5845; x_wconf 89' lang='lat' dir='ltr'><strong>autem</strong></span> <span class='ocrx_word' id='word_1_605' title='bbox 715 5787 794 5844; x_wconf 88' lang='lat' dir='ltr'><strong>aliam</strong></span> <span class='ocrx_word' id='word_1_606' title='bbox 809 5786 908 5844; x_wconf 87' lang='lat' dir='ltr'><strong>ducere</strong></span> <span class='ocrx_word' id='word_1_607' title='bbox 924 5787 987 5843; x_wconf 88' lang='lat' dir='ltr'><strong>datu</strong></span> <span class='ocrx_word' id='word_1_608' title='bbox 1000 5788 1082 5852; x_wconf 89' lang='lat' dir='ltr'><strong>priori</strong></span> 
     </span>
    </p>
   </div>
   <div class='ocr_carea' id='block_1_3' title="bbox 1133 411 1962 896">
    <p class='ocr_par' dir='ltr' id='par_1_8' title="bbox 1133 411 1962 770">
     <span class='ocr_line' id='line_1_79' title="bbox 1134 411 1962 486; baseline 0.002 -18"><span class='ocrx_word' id='word_1_609' title='bbox 1134 413 1236 479; x_wconf 89' lang='lat' dir='ltr'><strong>libelle;</strong></span> <span class='ocrx_word' id='word_1_610' title='bbox 1252 413 1322 485; x_wconf 80' lang='lat' dir='ltr'><strong>qued</strong></span> <span class='ocrx_word' id='word_1_611' title='bbox 1337 422 1446 486; x_wconf 90' lang='lat' dir='ltr'><strong>propter</strong></span> <span class='ocrx_word' id='word_1_612' title='bbox 1458 413 1583 472; x_wconf 85' lang='lat' dir='ltr'><strong>duritiam</strong></span> <span class='ocrx_word' id='word_1_613' title='bbox 1597 417 1687 474; x_wconf 87' lang='lat' dir='ltr'><strong>cordis</strong></span> <span class='ocrx_word' id='word_1_614' title='bbox 1700 431 1793 474; x_wconf 78' lang='lat' dir='ltr'><strong>eanum</strong></span> <span class='ocrx_word' id='word_1_615' title='bbox 1807 411 1962 486; x_wconf 82' lang='lat' dir='ltr'><strong>per-mis</strong></span> 
     </span>
     <span class='ocr_line' id='line_1_80' title="bbox 1134 483 1960 552; baseline -0.002 -12"><span class='ocrx_word' id='word_1_616' title='bbox 1134 499 1193 540; x_wconf 90' lang='lat' dir='ltr'><strong>sum</strong></span> <span class='ocrx_word' id='word_1_617' title='bbox 1211 483 1333 540; x_wconf 86' lang='lat' dir='ltr'><strong>Christus</strong></span> <span class='ocrx_word' id='word_1_618' title='bbox 1350 485 1430 552; x_wconf 85' lang='lat' dir='ltr'><strong>dicit,</strong></span> <span class='ocrx_word' id='word_1_619' title='bbox 1449 502 1503 542; x_wconf 92' lang='lat' dir='ltr'><strong>non</strong></span> <span class='ocrx_word' id='word_1_620' title='bbox 1519 496 1547 541; x_wconf 91' lang='lat' dir='ltr'><strong>ut</strong></span> <span class='ocrx_word' id='word_1_621' title='bbox 1561 487 1752 544; x_wconf 85' lang='lat' dir='ltr'><strong>concederetur</strong></span> <span class='ocrx_word' id='word_1_622' title='bbox 1770 485 1960 543; x_wconf 83' lang='lat' dir='ltr'><strong>dissidium</strong></span> 
     </span>
     <span class='ocr_line' id='line_1_81' title="bbox 1133 555 1962 620; baseline -0.004 -10"><span class='ocrx_word' id='word_1_623' title='bbox 1133 555 1225 610; x_wconf 86' lang='lat' dir='ltr'><strong>sedat</strong></span> <span class='ocrx_word' id='word_1_624' title='bbox 1238 556 1376 612; x_wconf 89' lang='lat' dir='ltr'><strong>tolleretur</strong></span> <span class='ocrx_word' id='word_1_625' title='bbox 1391 557 1572 613; x_wconf 88' lang='lat' dir='ltr'><strong>homicidium.</strong></span> <span class='ocrx_word' id='word_1_626' title='bbox 1588 557 1712 614; x_wconf 86' lang='lat' dir='ltr'><strong>Permisit</strong></span> <span class='ocrx_word' id='word_1_627' title='bbox 1724 559 1783 614; x_wconf 88' lang='lat' dir='ltr'><strong>lieri</strong></span> <span class='ocrx_word' id='word_1_628' title='bbox 1796 574 1849 613; x_wconf 83' lang='lat' dir='ltr'><strong>ma</strong></span> <span class='ocrx_word' id='word_1_629' title='bbox 1858 559 1911 620; x_wconf 82' lang='lat' dir='ltr'><strong>ln,</strong></span> <span class='ocrx_word' id='word_1_630' title='bbox 1935 571 1962 608; x_wconf 83' lang='lat' dir='ltr'><strong>m</strong></span> 
     </span>
     <span class='ocr_line' id='line_1_82' title="bbox 1134 625 1962 700; baseline 0 -20"><span class='ocrx_word' id='word_1_631' title='bbox 1134 625 1229 681; x_wconf 81' lang='lat' dir='ltr'><strong>liorem</strong></span> <span class='ocrx_word' id='word_1_632' title='bbox 1244 629 1350 698; x_wconf 77' lang='lat' dir='ltr'><strong>pejorn3</strong></span> <span class='ocrx_word' id='word_1_633' title='bbox 1365 636 1393 682; x_wconf 90' lang='lat' dir='ltr'><strong>et</strong></span> <span class='ocrx_word' id='word_1_634' title='bbox 1407 628 1457 683; x_wconf 93' lang='lat' dir='ltr'><strong>hoc</strong></span> <span class='ocrx_word' id='word_1_635' title='bbox 1472 629 1649 700; x_wconf 88' lang='lat' dir='ltr'><strong>permittendo</strong></span> <span class='ocrx_word' id='word_1_636' title='bbox 1667 646 1720 685; x_wconf 92' lang='lat' dir='ltr'><strong>uon</strong></span> <span class='ocrx_word' id='word_1_637' title='bbox 1737 627 1962 698; x_wconf 82' lang='lat' dir='ltr'><strong>beijustitiau</strong></span> 
     </span>
     <span class='ocr_line' id='line_1_83' title="bbox 1134 697 1820 770; baseline 0.003 -18"><span class='ocrx_word' id='word_1_638' title='bbox 1134 697 1334 765; x_wconf 86' lang='lat' dir='ltr'><strong>demonstravit,</strong></span> <span class='ocrx_word' id='word_1_639' title='bbox 1350 699 1433 753; x_wconf 90' lang='lat' dir='ltr'><strong>sedin</strong></span> <span class='ocrx_word' id='word_1_640' title='bbox 1447 708 1586 769; x_wconf 86' lang='lat' dir='ltr'><strong>peccatore</strong></span> <span class='ocrx_word' id='word_1_641' title='bbox 1596 701 1691 756; x_wconf 85' lang='lat' dir='ltr'><strong>minuit</strong></span> <span class='ocrx_word' id='word_1_642' title='bbox 1703 699 1820 770; x_wconf 84' lang='lat' dir='ltr'><strong>culpam.</strong></span> 
     </span>
    </p>

    <p class='ocr_par' dir='ltr' id='par_1_9' title="bbox 1286 768 1773 896">
     <span class='ocr_line' id='line_1_84' title="bbox 1286 768 1773 896; baseline 0.002 -72"><span class='ocrx_word' id='word_1_643' title='bbox 1286 769 1333 824; x_wconf 84' lang='lat' dir='ltr'><strong>Gai</strong></span> <span class='ocrx_word' id='word_1_644' title='bbox 1346 768 1434 824; x_wconf 85' lang='lat' dir='ltr'><strong>licebat</strong></span> <span class='ocrx_word' id='word_1_645' title='bbox 1445 773 1531 896; x_wconf 48' lang='lat' dir='ltr'><strong>filare</strong></span> <span class='ocrx_word' id='word_1_646' title='bbox 1544 769 1642 836; x_wconf 80' lang='lat' dir='ltr'><strong>briem,</strong></span> <span class='ocrx_word' id='word_1_647' title='bbox 1659 772 1698 827; x_wconf 87' lang='lat' dir='ltr'><strong>uel</strong></span> <span class='ocrx_word' id='word_1_648' title='bbox 1712 787 1773 826; x_wconf 85' lang='lat' dir='ltr'><strong>nou.</strong></span> 
     </span>
    </p>
   </div>
   <div class='ocr_carea' id='block_1_4' title="bbox 1131 839 1963 3807">
    <p class='ocr_par' dir='ltr' id='par_1_10' title="bbox 1132 839 1963 2181">
     <span class='ocr_line' id='line_1_85' title="bbox 1168 839 1962 912; baseline -0.004 -17"><span class='ocrx_word' id='word_1_649' title='bbox 1168 840 1196 895; x_wconf 84' lang='grc' dir='ltr'><strong>ι.</strong></span> <span class='ocrx_word' id='word_1_650' title='bbox 1208 839 1259 896; x_wconf 88' lang='lat' dir='ltr'><strong>Sed</strong></span> <span class='ocrx_word' id='word_1_651' title='bbox 1273 855 1336 896; x_wconf 91' lang='lat' dir='ltr'><strong>num</strong></span> <span class='ocrx_word' id='word_1_652' title='bbox 1357 840 1400 894; x_wconf 95' lang='lat' dir='ltr'><strong>uid</strong></span> <span class='ocrx_word' id='word_1_653' title='bbox 1411 856 1442 894; x_wconf 92' lang='lat' dir='ltr'><strong>su</strong></span> <span class='ocrx_word' id='word_1_654' title='bbox 1474 842 1531 911; x_wconf 91' lang='lat' dir='ltr'><strong>lege</strong></span> <span class='ocrx_word' id='word_1_655' title='bbox 1540 842 1637 896; x_wconf 89' lang='lat' dir='ltr'><strong>licebat</strong></span> <span class='ocrx_word' id='word_1_656' title='bbox 1648 841 1750 897; x_wconf 90' lang='lat' dir='ltr'><strong>habere</strong></span> <span class='ocrx_word' id='word_1_657' title='bbox 1761 841 1866 912; x_wconf 88' lang='lat' dir='ltr'><strong>plures</strong></span> <span class='ocrx_word' id='word_1_658' title='bbox 1886 854 1962 894; x_wconf 85' lang='lat' dir='ltr'><strong>uxo</strong></span> 
     </span>
     <span class='ocr_line' id='line_1_86' title="bbox 1134 857 1946 982; baseline -0.002 -18"><span class='ocrx_word' id='word_1_659' title='bbox 1134 909 1197 966; x_wconf 84' lang='lat' dir='ltr'><strong>resi</strong></span> <span class='ocrx_word' id='word_1_660' title='bbox 1210 909 1278 966; x_wconf 86' lang='lat' dir='ltr'><strong>Audi</strong></span> <span class='ocrx_word' id='word_1_661' title='bbox 1292 857 1354 982; x_wconf 47' lang='lat' dir='ltr'><strong>garizi</strong></span> <span class='ocrx_word' id='word_1_662' title='bbox 1369 912 1496 980; x_wconf 90' lang='lat' dir='ltr'><strong>seriptum</strong></span> <span class='ocrx_word' id='word_1_663' title='bbox 1512 912 1590 968; x_wconf 92' lang='lat' dir='ltr'><strong>estin</strong></span> <span class='ocrx_word' id='word_1_664' title='bbox 1605 913 1821 980; x_wconf 86' lang='lat' dir='ltr'><strong>Deuteronomio,</strong></span> <span class='ocrx_word' id='word_1_665' title='bbox 1837 927 1877 966; x_wconf 85' lang='lat' dir='ltr'><strong>c.</strong></span> <span class='ocrx_word' id='word_1_666' title='bbox 1896 913 1912 964; x_wconf 86' lang='grc' dir='ltr'><strong>ι</strong></span> <span class='ocrx_word' id='word_1_667' title='bbox 1925 913 1946 962; x_wconf 87' lang='grc'>7</span> 
     </span>
     <span class='ocr_line' id='line_1_87' title="bbox 1136 979 1963 1050; baseline -0.001 -15"><span class='ocrx_word' id='word_1_668' title='bbox 1136 979 1197 1035; x_wconf 86' lang='lat' dir='ltr'><strong>Noa</strong></span> <span class='ocrx_word' id='word_1_669' title='bbox 1211 981 1309 1036; x_wconf 83' lang='lat' dir='ltr'><strong>iraieiit</strong></span> <span class='ocrx_word' id='word_1_670' title='bbox 1321 998 1367 1036; x_wconf 82' lang='lat' dir='ltr'><strong>rec</strong></span> <span class='ocrx_word' id='word_1_671' title='bbox 1376 998 1465 1036; x_wconf 78' lang='lat' dir='ltr'><strong>aceres</strong></span> <span class='ocrx_word' id='word_1_672' title='bbox 1481 983 1603 1050; x_wconf 75' lang='lat' dir='ltr'><strong>pirtnmar</strong></span> <span class='ocrx_word' id='word_1_673' title='bbox 1615 999 1673 1050; x_wconf 81' lang='lat' dir='ltr'><strong>quae</strong></span> <span class='ocrx_word' id='word_1_674' title='bbox 1684 983 1799 1038; x_wconf 86' lang='lat' dir='ltr'><strong>alliciam</strong></span> <span class='ocrx_word' id='word_1_675' title='bbox 1812 985 1963 1036; x_wconf 74' lang='lat' dir='ltr'><strong>arrianam</strong></span> 
     </span>
     <span class='ocr_line' id='line_1_88' title="bbox 1133 1051 1963 1124; baseline -0.001 -18"><span class='ocrx_word' id='word_1_676' title='bbox 1133 1052 1197 1122; x_wconf 62' lang='grc' dir='ltr'><strong>εἰει.</strong></span> <span class='ocrx_word' id='word_1_677' title='bbox 1213 1051 1299 1122; x_wconf 87' lang='lat' dir='ltr'><strong>Super</strong></span> <span class='ocrx_word' id='word_1_678' title='bbox 1312 1067 1390 1124; x_wconf 84' lang='lat' dir='ltr'><strong>quem</strong></span> <span class='ocrx_word' id='word_1_679' title='bbox 1401 1053 1487 1108; x_wconf 87' lang='lat' dir='ltr'><strong>locum</strong></span> <span class='ocrx_word' id='word_1_680' title='bbox 1497 1053 1536 1108; x_wconf 87' lang='lat' dir='ltr'><strong>ait</strong></span> <span class='ocrx_word' id='word_1_681' title='bbox 1545 1057 1668 1124; x_wconf 83' lang='lat' dir='ltr'><strong>August..</strong></span> <span class='ocrx_word' id='word_1_682' title='bbox 1680 1053 1726 1108; x_wconf 95' lang='lat' dir='ltr'><strong>lib.</strong></span> <span class='ocrx_word' id='word_1_683' title='bbox 1739 1053 1791 1109; x_wconf 74' lang='lat' dir='ltr'><strong>din</strong></span> <span class='ocrx_word' id='word_1_684' title='bbox 1806 1055 1963 1120; x_wconf 52' lang='lat' dir='ltr'><strong>licenter„</strong></span> 
     </span>
     <span class='ocr_line' id='line_1_89' title="bbox 1133 1122 1963 1194; baseline -0.005 -16"><span class='ocrx_word' id='word_1_685' title='bbox 1133 1137 1158 1178; x_wconf 92' lang='lat' dir='ltr'><strong>e.</strong></span> <span class='ocrx_word' id='word_1_686' title='bbox 1178 1122 1212 1177; x_wconf 75' lang='lat' dir='ltr'><strong>et</strong></span> <span class='ocrx_word' id='word_1_687' title='bbox 1232 1141 1238 1177; x_wconf 78' lang='grc' dir='ltr'><strong>ε</strong></span> <span class='ocrx_word' id='word_1_688' title='bbox 1256 1122 1424 1178; x_wconf 85' lang='lat' dir='ltr'><strong>ilanilesturn</strong></span> <span class='ocrx_word' id='word_1_689' title='bbox 1444 1133 1485 1179; x_wconf 89' lang='lat' dir='ltr'><strong>est</strong></span> <span class='ocrx_word' id='word_1_690' title='bbox 1505 1123 1674 1179; x_wconf 87' lang='lat' dir='ltr'><strong>Salomonem</strong></span> <span class='ocrx_word' id='word_1_691' title='bbox 1694 1122 1746 1178; x_wconf 88' lang='lat' dir='ltr'><strong>hoc</strong></span> <span class='ocrx_word' id='word_1_692' title='bbox 1764 1133 1963 1194; x_wconf 72' lang='lat' dir='ltr'><strong>preceptum</strong></span> 
     </span>
     <span class='ocr_line' id='line_1_90' title="bbox 1134 1195 1963 1264; baseline -0.001 -17"><span class='ocrx_word' id='word_1_693' title='bbox 1134 1195 1270 1248; x_wconf 89' lang='lat' dir='ltr'><strong>transisse.</strong></span> <span class='ocrx_word' id='word_1_694' title='bbox 1285 1195 1367 1248; x_wconf 87' lang='lat' dir='ltr'><strong>llarid</strong></span> <span class='ocrx_word' id='word_1_695' title='bbox 1381 1201 1469 1249; x_wconf 90' lang='lat' dir='ltr'><strong>autern</strong></span> <span class='ocrx_word' id='word_1_696' title='bbox 1484 1195 1573 1264; x_wconf 92' lang='lat' dir='ltr'><strong>plures</strong></span> <span class='ocrx_word' id='word_1_697' title='bbox 1589 1195 1689 1260; x_wconf 88' lang='lat' dir='ltr'><strong>habuit,</strong></span> <span class='ocrx_word' id='word_1_698' title='bbox 1704 1209 1755 1250; x_wconf 88' lang='lat' dir='ltr'><strong>nee</strong></span> <span class='ocrx_word' id='word_1_699' title='bbox 1765 1205 1963 1264; x_wconf 67' lang='lat' dir='ltr'><strong>praeceptura</strong></span> 
     </span>
     <span class='ocr_line' id='line_1_91' title="bbox 1134 1263 1963 1336; baseline 0 -18"><span class='ocrx_word' id='word_1_700' title='bbox 1134 1265 1270 1334; x_wconf 85' lang='lat' dir='ltr'><strong>praeteriit.</strong></span> <span class='ocrx_word' id='word_1_701' title='bbox 1282 1263 1442 1320; x_wconf 87' lang='lat' dir='ltr'><strong>Permissum</strong></span> <span class='ocrx_word' id='word_1_702' title='bbox 1454 1277 1495 1320; x_wconf 92' lang='lat' dir='ltr'><strong>est</strong></span> <span class='ocrx_word' id='word_1_703' title='bbox 1504 1266 1575 1320; x_wconf 92' lang='lat' dir='ltr'><strong>enim</strong></span> <span class='ocrx_word' id='word_1_704' title='bbox 1585 1266 1641 1336; x_wconf 90' lang='lat' dir='ltr'><strong>regi</strong></span> <span class='ocrx_word' id='word_1_705' title='bbox 1651 1265 1741 1334; x_wconf 88' lang='lat' dir='ltr'><strong>plures</strong></span> <span class='ocrx_word' id='word_1_706' title='bbox 1754 1263 1876 1328; x_wconf 77' lang='lat' dir='ltr'><strong>iurabere,</strong></span> <span class='ocrx_word' id='word_1_707' title='bbox 1897 1279 1963 1318; x_wconf 91' lang='lat' dir='ltr'><strong>noa</strong></span> 
     </span>
     <span class='ocr_line' id='line_1_92' title="bbox 1134 1333 1963 1408; baseline -0.001 -19"><span class='ocrx_word' id='word_1_708' title='bbox 1134 1335 1275 1405; x_wconf 85' lang='lat' dir='ltr'><strong>plurimas,</strong></span> <span class='ocrx_word' id='word_1_709' title='bbox 1293 1351 1353 1408; x_wconf 79' lang='lat' dir='ltr'><strong>qua</strong></span> <span class='ocrx_word' id='word_1_710' title='bbox 1371 1335 1486 1391; x_wconf 89' lang='lat' dir='ltr'><strong>alliciant</strong></span> <span class='ocrx_word' id='word_1_711' title='bbox 1505 1336 1636 1402; x_wconf 90' lang='lat' dir='ltr'><strong>animam,</strong></span> <span class='ocrx_word' id='word_1_712' title='bbox 1650 1336 1855 1406; x_wconf 81' lang='lat' dir='ltr'><strong>rurrrltiplirare?</strong></span> <span class='ocrx_word' id='word_1_713' title='bbox 1873 1333 1963 1390; x_wconf 86' lang='lat' dir='ltr'><strong>Cirru</strong></span> 
     </span>
     <span class='ocr_line' id='line_1_93' title="bbox 1134 1404 1963 1477; baseline 0.001 -19"><span class='ocrx_word' id='word_1_714' title='bbox 1134 1413 1222 1459; x_wconf 90' lang='lat' dir='ltr'><strong>tamen</strong></span> <span class='ocrx_word' id='word_1_715' title='bbox 1235 1405 1360 1461; x_wconf 88' lang='lat' dir='ltr'><strong>additur:</strong></span> <span class='ocrx_word' id='word_1_716' title='bbox 1374 1404 1408 1460; x_wconf 82' lang='lat' dir='ltr'><strong>ta</strong></span> <span class='ocrx_word' id='word_1_717' title='bbox 1426 1423 1476 1460; x_wconf 86' lang='lat' dir='ltr'><strong>aon</strong></span> <span class='ocrx_word' id='word_1_718' title='bbox 1488 1406 1597 1462; x_wconf 85' lang='lat' dir='ltr'><strong>eleuctur</strong></span> <span class='ocrx_word' id='word_1_719' title='bbox 1614 1422 1657 1462; x_wconf 86' lang='lat' dir='ltr'><strong>cor</strong></span> <span class='ocrx_word' id='word_1_720' title='bbox 1675 1407 1746 1477; x_wconf 81' lang='lat' dir='ltr'><strong>ejus,</strong></span> <span class='ocrx_word' id='word_1_721' title='bbox 1764 1407 1963 1470; x_wconf 71' lang='lat' dir='ltr'><strong>alienigenas</strong></span> 
     </span>
     <span class='ocr_line' id='line_1_94' title="bbox 1133 1475 1961 1546; baseline 0.001 -17"><span class='ocrx_word' id='word_1_722' title='bbox 1133 1476 1295 1546; x_wconf 90' lang='lat' dir='ltr'><strong>prohibitum</strong></span> <span class='ocrx_word' id='word_1_723' title='bbox 1317 1493 1376 1530; x_wconf 89' lang='lat' dir='ltr'><strong>esse</strong></span> <span class='ocrx_word' id='word_1_724' title='bbox 1396 1477 1508 1531; x_wconf 86' lang='lat' dir='ltr'><strong>videtur.</strong></span> <span class='ocrx_word' id='word_1_725' title='bbox 1534 1477 1721 1532; x_wconf 78' lang='lat' dir='ltr'><strong>Verumtamen</strong></span> <span class='ocrx_word' id='word_1_726' title='bbox 1744 1475 1961 1546; x_wconf 79' lang='lat' dir='ltr'><strong>multiplicatio</strong></span> 
     </span>
     <span class='ocr_line' id='line_1_95' title="bbox 1134 1547 1963 1618; baseline 0 -18"><span class='ocrx_word' id='word_1_727' title='bbox 1134 1559 1244 1600; x_wconf 85' lang='lat' dir='ltr'><strong>urorum</strong></span> <span class='ocrx_word' id='word_1_728' title='bbox 1260 1549 1419 1614; x_wconf 86' lang='lat' dir='ltr'><strong>generaliter</strong></span> <span class='ocrx_word' id='word_1_729' title='bbox 1432 1547 1564 1618; x_wconf 86' lang='lat' dir='ltr'><strong>prohibita</strong></span> <span class='ocrx_word' id='word_1_730' title='bbox 1579 1557 1630 1602; x_wconf 89' lang='lat' dir='ltr'><strong>est.</strong></span> <span class='ocrx_word' id='word_1_731' title='bbox 1646 1548 1806 1602; x_wconf 91' lang='lat' dir='ltr'><strong>Permissum</strong></span> <span class='ocrx_word' id='word_1_732' title='bbox 1822 1557 1878 1602; x_wconf 86' lang='lat' dir='ltr'><strong>est</strong></span> <span class='ocrx_word' id='word_1_733' title='bbox 1898 1562 1963 1600; x_wconf 87' lang='lat' dir='ltr'><strong>au-</strong></span> 
     </span>
     <span class='ocr_line' id='line_1_96' title="bbox 1134 1617 1963 1687; baseline 0.002 -17"><span class='ocrx_word' id='word_1_734' title='bbox 1134 1625 1188 1671; x_wconf 91' lang='lat' dir='ltr'><strong>tem</strong></span> <span class='ocrx_word' id='word_1_735' title='bbox 1209 1618 1264 1687; x_wconf 89' lang='lat' dir='ltr'><strong>regi</strong></span> <span class='ocrx_word' id='word_1_736' title='bbox 1287 1619 1378 1686; x_wconf 89' lang='lat' dir='ltr'><strong>plures</strong></span> <span class='ocrx_word' id='word_1_737' title='bbox 1401 1618 1508 1682; x_wconf 85' lang='lat' dir='ltr'><strong>babere,</strong></span> <span class='ocrx_word' id='word_1_738' title='bbox 1529 1618 1575 1674; x_wconf 88' lang='lat' dir='ltr'><strong>scd</strong></span> <span class='ocrx_word' id='word_1_739' title='bbox 1593 1634 1646 1674; x_wconf 91' lang='lat' dir='ltr'><strong>non</strong></span> <span class='ocrx_word' id='word_1_740' title='bbox 1668 1619 1863 1684; x_wconf 82' lang='lat' dir='ltr'><strong>multiplicare.</strong></span> <span class='ocrx_word' id='word_1_741' title='bbox 1895 1617 1963 1672; x_wconf 84' lang='lat' dir='ltr'><strong>Ve-</strong></span> 
     </span>
     <span class='ocr_line' id='line_1_97' title="bbox 1133 1687 1961 1760; baseline -0.002 -19"><span class='ocrx_word' id='word_1_742' title='bbox 1133 1687 1223 1743; x_wconf 91' lang='lat' dir='ltr'><strong>niente</strong></span> <span class='ocrx_word' id='word_1_743' title='bbox 1236 1697 1325 1743; x_wconf 90' lang='lat' dir='ltr'><strong>autem</strong></span> <span class='ocrx_word' id='word_1_744' title='bbox 1341 1688 1512 1757; x_wconf 87' lang='lat' dir='ltr'><strong>plenitudinis</strong></span> <span class='ocrx_word' id='word_1_745' title='bbox 1522 1696 1651 1759; x_wconf 82' lang='lat' dir='ltr'><strong>tempore,</strong></span> <span class='ocrx_word' id='word_1_746' title='bbox 1663 1704 1717 1760; x_wconf 86' lang='lat' dir='ltr'><strong>quo</strong></span> <span class='ocrx_word' id='word_1_747' title='bbox 1728 1687 1826 1744; x_wconf 85' lang='lat' dir='ltr'><strong>Christi</strong></span> <span class='ocrx_word' id='word_1_748' title='bbox 1843 1689 1961 1758; x_wconf 82' lang='lat' dir='ltr'><strong>gratia</strong></span> 
     </span>
     <span class='ocr_line' id='line_1_98' title="bbox 1134 1757 1960 1829; baseline 0 -17"><span class='ocrx_word' id='word_1_749' title='bbox 1134 1757 1229 1829; x_wconf 88' lang='lat' dir='ltr'><strong>ubique</strong></span> <span class='ocrx_word' id='word_1_750' title='bbox 1240 1769 1281 1814; x_wconf 90' lang='lat' dir='ltr'><strong>est</strong></span> <span class='ocrx_word' id='word_1_751' title='bbox 1293 1759 1410 1821; x_wconf 83' lang='lat' dir='ltr'><strong>dilatata.</strong></span> <span class='ocrx_word' id='word_1_752' title='bbox 1423 1760 1531 1814; x_wconf 89' lang='lat' dir='ltr'><strong>reducta</strong></span> <span class='ocrx_word' id='word_1_753' title='bbox 1542 1768 1583 1813; x_wconf 90' lang='grc' dir='ltr'><strong>εει</strong></span> <span class='ocrx_word' id='word_1_754' title='bbox 1598 1761 1639 1814; x_wconf 85' lang='lat' dir='ltr'><strong>lex</strong></span> <span class='ocrx_word' id='word_1_755' title='bbox 1652 1759 1802 1828; x_wconf 91' lang='lat' dir='ltr'><strong>nuptiarum</strong></span> <span class='ocrx_word' id='word_1_756' title='bbox 1815 1759 1853 1812; x_wconf 89' lang='lat' dir='ltr'><strong>ad</strong></span> <span class='ocrx_word' id='word_1_757' title='bbox 1870 1759 1960 1826; x_wconf 65' lang='lat' dir='ltr'><strong>price</strong></span> 
     </span>
     <span class='ocr_line' id='line_1_99' title="bbox 1133 1827 1956 1892; baseline -0.001 -10"><span class='ocrx_word' id='word_1_758' title='bbox 1133 1842 1189 1882; x_wconf 89' lang='lat' dir='ltr'><strong>rem</strong></span> <span class='ocrx_word' id='word_1_759' title='bbox 1203 1829 1381 1884; x_wconf 85' lang='lat' dir='ltr'><strong>honestiorem</strong></span> <span class='ocrx_word' id='word_1_760' title='bbox 1402 1845 1434 1883; x_wconf 90' lang='lat' dir='ltr'><strong>ue</strong></span> <span class='ocrx_word' id='word_1_761' title='bbox 1448 1831 1654 1892; x_wconf 87' lang='lat' dir='ltr'><strong>institutionem,</strong></span> <span class='ocrx_word' id='word_1_762' title='bbox 1670 1838 1698 1884; x_wconf 92' lang='lat' dir='ltr'><strong>ut</strong></span> <span class='ocrx_word' id='word_1_763' title='bbox 1712 1843 1779 1884; x_wconf 81' lang='lat' dir='ltr'><strong>arnus</strong></span> <span class='ocrx_word' id='word_1_764' title='bbox 1791 1831 1835 1883; x_wconf 91' lang='lat' dir='ltr'><strong>uni</strong></span> <span class='ocrx_word' id='word_1_765' title='bbox 1858 1829 1894 1882; x_wconf 93' lang='lat' dir='ltr'><strong>in</strong></span> <span class='ocrx_word' id='word_1_766' title='bbox 1915 1827 1956 1882; x_wconf 77' lang='lat' dir='ltr'><strong>sr-</strong></span> 
     </span>
     <span class='ocr_line' id='line_1_100' title="bbox 1132 1845 1957 1972; baseline 0.002 -22"><span class='ocrx_word' id='word_1_767' title='bbox 1132 1899 1197 1968; x_wconf 80' lang='lat' dir='ltr'><strong>gurd</strong></span> <span class='ocrx_word' id='word_1_768' title='bbox 1216 1899 1315 1954; x_wconf 86' lang='lat' dir='ltr'><strong>Christi</strong></span> <span class='ocrx_word' id='word_1_769' title='bbox 1332 1909 1359 1954; x_wconf 89' lang='grc' dir='ltr'><strong>ει</strong></span> <span class='ocrx_word' id='word_1_770' title='bbox 1377 1845 1504 1955; x_wconf 54' lang='lat' dir='ltr'><strong>Ecclesiae</strong></span> <span class='ocrx_word' id='word_1_771' title='bbox 1520 1901 1705 1972; x_wconf 84' lang='lat' dir='ltr'><strong>corrjrrngatur.</strong></span> <span class='ocrx_word' id='word_1_772' title='bbox 1724 1899 1780 1955; x_wconf 88' lang='lat' dir='ltr'><strong>Nec</strong></span> <span class='ocrx_word' id='word_1_773' title='bbox 1798 1899 1957 1968; x_wconf 77' lang='lat' dir='ltr'><strong>‹yururitur</strong></span> 
     </span>
     <span class='ocr_line' id='line_1_101' title="bbox 1133 1969 1952 2041; baseline -0.005 -15"><span class='ocrx_word' id='word_1_774' title='bbox 1133 1969 1228 2026; x_wconf 87' lang='lat' dir='ltr'><strong>electio</strong></span> <span class='ocrx_word' id='word_1_775' title='bbox 1242 1971 1360 2026; x_wconf 92' lang='lat' dir='ltr'><strong>muneris</strong></span> <span class='ocrx_word' id='word_1_776' title='bbox 1373 1970 1400 2024; x_wconf 93' lang='lat' dir='ltr'><strong>in</strong></span> <span class='ocrx_word' id='word_1_777' title='bbox 1416 1971 1584 2026; x_wconf 82' lang='lat' dir='ltr'><strong>successione</strong></span> <span class='ocrx_word' id='word_1_778' title='bbox 1598 1971 1715 2041; x_wconf 85' lang='lat' dir='ltr'><strong>generis,</strong></span> <span class='ocrx_word' id='word_1_779' title='bbox 1731 1969 1777 2024; x_wconf 89' lang='lat' dir='ltr'><strong>sed</strong></span> <span class='ocrx_word' id='word_1_780' title='bbox 1793 1971 1821 2023; x_wconf 94' lang='lat' dir='ltr'><strong>in</strong></span> <span class='ocrx_word' id='word_1_781' title='bbox 1837 1969 1952 2036; x_wconf 86' lang='lat' dir='ltr'><strong>perie-</strong></span> 
     </span>
     <span class='ocr_line' id='line_1_102' title="bbox 1133 2037 1951 2110; baseline 0 -18"><span class='ocrx_word' id='word_1_782' title='bbox 1133 2039 1220 2094; x_wconf 90' lang='lat' dir='ltr'><strong>ctione</strong></span> <span class='ocrx_word' id='word_1_783' title='bbox 1234 2041 1294 2094; x_wconf 69' lang='lat' dir='ltr'><strong>ritae</strong></span> <span class='ocrx_word' id='word_1_784' title='bbox 1304 2049 1331 2096; x_wconf 91' lang='lat' dir='ltr'><strong>et</strong></span> <span class='ocrx_word' id='word_1_785' title='bbox 1342 2041 1492 2096; x_wconf 89' lang='lat' dir='ltr'><strong>sinceritate</strong></span> <span class='ocrx_word' id='word_1_786' title='bbox 1502 2042 1631 2107; x_wconf 66' lang='lat' dir='ltr'><strong>scientius,</strong></span> <span class='ocrx_word' id='word_1_787' title='bbox 1643 2051 1670 2096; x_wconf 90' lang='lat' dir='ltr'><strong>et</strong></span> <span class='ocrx_word' id='word_1_788' title='bbox 1683 2041 1821 2110; x_wconf 87' lang='lat' dir='ltr'><strong>virginitas</strong></span> <span class='ocrx_word' id='word_1_789' title='bbox 1834 2037 1951 2093; x_wconf 80' lang='lat' dir='ltr'><strong>lectra-</strong></span> 
     </span>
     <span class='ocr_line' id='line_1_103' title="bbox 1133 2108 1943 2181; baseline 0 -17"><span class='ocrx_word' id='word_1_790' title='bbox 1133 2108 1207 2164; x_wconf 89' lang='lat' dir='ltr'><strong>ditati</strong></span> <span class='ocrx_word' id='word_1_791' title='bbox 1221 2112 1369 2181; x_wconf 86' lang='lat' dir='ltr'><strong>praelertur,</strong></span> <span class='ocrx_word' id='word_1_792' title='bbox 1381 2123 1408 2166; x_wconf 90' lang='lat' dir='ltr'><strong>et</strong></span> <span class='ocrx_word' id='word_1_793' title='bbox 1421 2112 1603 2168; x_wconf 87' lang='lat' dir='ltr'><strong>sacerdotibus</strong></span> <span class='ocrx_word' id='word_1_794' title='bbox 1613 2111 1772 2166; x_wconf 87' lang='lat' dir='ltr'><strong>continentia</strong></span> <span class='ocrx_word' id='word_1_795' title='bbox 1783 2109 1943 2164; x_wconf 91' lang='lat' dir='ltr'><strong>iudicitur.</strong></span> 
     </span>
    </p>

    <p class='ocr_par' dir='ltr' id='par_1_11' title="bbox 1310 2181 1747 2253">
     <span class='ocr_line' id='line_1_104' title="bbox 1310 2181 1747 2253; baseline -0.002 -18"><span class='ocrx_word' id='word_1_796' title='bbox 1310 2181 1347 2235; x_wconf 88' lang='lat' dir='ltr'><strong>De</strong></span> <span class='ocrx_word' id='word_1_797' title='bbox 1356 2182 1498 2253; x_wconf 85' lang='lat' dir='ltr'><strong>uirginitate</strong></span> <span class='ocrx_word' id='word_1_798' title='bbox 1510 2183 1599 2242; x_wconf 75' lang='lat' dir='ltr'><strong>arentis</strong></span> <span class='ocrx_word' id='word_1_799' title='bbox 1616 2191 1639 2236; x_wconf 86' lang='lat' dir='ltr'><strong>ct</strong></span> <span class='ocrx_word' id='word_1_800' title='bbox 1654 2182 1747 2236; x_wconf 83' lang='lat' dir='ltr'><strong>camir.</strong></span> 
     </span>
    </p>

    <p class='ocr_par' dir='ltr' id='par_1_12' title="bbox 1131 2251 1948 3807">
     <span class='ocr_line' id='line_1_105' title="bbox 1168 2251 1946 2320; baseline -0.003 -14"><span class='ocrx_word' id='word_1_801' title='bbox 1168 2252 1194 2306; x_wconf 86' lang='lat'><strong>5.</strong></span> <span class='ocrx_word' id='word_1_802' title='bbox 1210 2251 1303 2307; x_wconf 88' lang='lat' dir='ltr'><strong>hlelior</strong></span> <span class='ocrx_word' id='word_1_803' title='bbox 1316 2261 1358 2308; x_wconf 88' lang='grc' dir='ltr'><strong>εει</strong></span> <span class='ocrx_word' id='word_1_804' title='bbox 1368 2264 1457 2307; x_wconf 88' lang='lat' dir='ltr'><strong>autern</strong></span> <span class='ocrx_word' id='word_1_805' title='bbox 1473 2253 1512 2306; x_wconf 91' lang='lat' dir='ltr'><strong>vir</strong></span> <span class='ocrx_word' id='word_1_806' title='bbox 1532 2253 1608 2307; x_wconf 89' lang='lat' dir='ltr'><strong>initas</strong></span> <span class='ocrx_word' id='word_1_807' title='bbox 1624 2253 1719 2307; x_wconf 91' lang='lat' dir='ltr'><strong>mentis</strong></span> <span class='ocrx_word' id='word_1_808' title='bbox 1730 2251 1810 2320; x_wconf 80' lang='lat' dir='ltr'><strong>quium</strong></span> <span class='ocrx_word' id='word_1_809' title='bbox 1825 2252 1946 2305; x_wconf 88' lang='lat' dir='ltr'><strong>caruis.</strong></span> 
     </span>
     <span class='ocr_line' id='line_1_106' title="bbox 1133 2267 1948 2392; baseline -0.001 -15"><span class='ocrx_word' id='word_1_810' title='bbox 1133 2320 1208 2377; x_wconf 90' lang='lat' dir='ltr'><strong>Unde</strong></span> <span class='ocrx_word' id='word_1_811' title='bbox 1220 2324 1309 2388; x_wconf 76' lang='lat' dir='ltr'><strong>amb..</strong></span> <span class='ocrx_word' id='word_1_812' title='bbox 1324 2323 1351 2378; x_wconf 96' lang='lat' dir='ltr'><strong>in</strong></span> <span class='ocrx_word' id='word_1_813' title='bbox 1366 2324 1412 2378; x_wconf 94' lang='lat' dir='ltr'><strong>lib.</strong></span> <span class='ocrx_word' id='word_1_814' title='bbox 1426 2322 1445 2378; x_wconf 70' lang='grc' dir='ltr'><strong>ι</strong></span> <span class='ocrx_word' id='word_1_815' title='bbox 1459 2323 1492 2377; x_wconf 89' lang='lat' dir='ltr'><strong>de</strong></span> <span class='ocrx_word' id='word_1_816' title='bbox 1506 2267 1658 2392; x_wconf 57' lang='lat' dir='ltr'><strong>iirginibus</strong></span> <span class='ocrx_word' id='word_1_817' title='bbox 1672 2341 1679 2376; x_wconf 93' lang='lat'><strong>:</strong></span> <span class='ocrx_word' id='word_1_818' title='bbox 1694 2321 1877 2377; x_wconf 86' lang='lat' dir='ltr'><strong>Tolerabilius</strong></span> <span class='ocrx_word' id='word_1_819' title='bbox 1895 2331 1948 2376; x_wconf 87' lang='lat' dir='ltr'><strong>cst</strong></span> 
     </span>
     <span class='ocr_line' id='line_1_107' title="bbox 1132 2393 1947 2464; baseline 0.001 -18"><span class='ocrx_word' id='word_1_820' title='bbox 1132 2402 1250 2448; x_wconf 89' lang='lat' dir='ltr'><strong>mentem</strong></span> <span class='ocrx_word' id='word_1_821' title='bbox 1270 2393 1397 2464; x_wconf 90' lang='lat' dir='ltr'><strong>virginem</strong></span> <span class='ocrx_word' id='word_1_822' title='bbox 1417 2393 1496 2464; x_wconf 77' lang='lat' dir='ltr'><strong>quim</strong></span> <span class='ocrx_word' id='word_1_823' title='bbox 1514 2408 1621 2448; x_wconf 91' lang='lat' dir='ltr'><strong>carnem</strong></span> <span class='ocrx_word' id='word_1_824' title='bbox 1644 2393 1759 2458; x_wconf 87' lang='lat' dir='ltr'><strong>habere;</strong></span> <span class='ocrx_word' id='word_1_825' title='bbox 1783 2400 1947 2462; x_wconf 89' lang='lat' dir='ltr'><strong>utrumque</strong></span> 
     </span>
     <span class='ocr_line' id='line_1_108' title="bbox 1131 2462 1943 2532; baseline -0.002 -14"><span class='ocrx_word' id='word_1_826' title='bbox 1131 2463 1303 2532; x_wconf 75' lang='lat' dir='ltr'><strong>hortamen,</strong></span> <span class='ocrx_word' id='word_1_827' title='bbox 1324 2464 1346 2519; x_wconf 90' lang='lat' dir='ltr'><strong>si</strong></span> <span class='ocrx_word' id='word_1_828' title='bbox 1364 2464 1457 2528; x_wconf 89' lang='lat' dir='ltr'><strong>lieeat;</strong></span> <span class='ocrx_word' id='word_1_829' title='bbox 1473 2465 1497 2519; x_wconf 88' lang='lat' dir='ltr'><strong>si</strong></span> <span class='ocrx_word' id='word_1_830' title='bbox 1514 2476 1566 2518; x_wconf 93' lang='lat' dir='ltr'><strong>non</strong></span> <span class='ocrx_word' id='word_1_831' title='bbox 1581 2464 1675 2527; x_wconf 89' lang='lat' dir='ltr'><strong>liceat,</strong></span> <span class='ocrx_word' id='word_1_832' title='bbox 1690 2462 1783 2518; x_wconf 89' lang='lat' dir='ltr'><strong>saltem</strong></span> <span class='ocrx_word' id='word_1_833' title='bbox 1804 2479 1862 2517; x_wconf 90' lang='lat' dir='ltr'><strong>non</strong></span> <span class='ocrx_word' id='word_1_834' title='bbox 1882 2464 1943 2516; x_wconf 80' lang='lat' dir='ltr'><strong>luo-</strong></span> 
     </span>
     <span class='ocr_line' id='line_1_109' title="bbox 1132 2533 1940 2604; baseline -0.001 -15"><span class='ocrx_word' id='word_1_835' title='bbox 1132 2533 1214 2598; x_wconf 83' lang='lat' dir='ltr'><strong>mini,</strong></span> <span class='ocrx_word' id='word_1_836' title='bbox 1236 2535 1283 2590; x_wconf 90' lang='lat' dir='ltr'><strong>sed</strong></span> <span class='ocrx_word' id='word_1_837' title='bbox 1303 2533 1358 2589; x_wconf 86' lang='lat' dir='ltr'><strong>ileo</strong></span> <span class='ocrx_word' id='word_1_838' title='bbox 1378 2535 1444 2590; x_wconf 87' lang='lat' dir='ltr'><strong>casti</strong></span> <span class='ocrx_word' id='word_1_839' title='bbox 1465 2534 1558 2589; x_wconf 76' lang='lat' dir='ltr'><strong>sinsus.</strong></span> <span class='ocrx_word' id='word_1_840' title='bbox 1583 2533 1663 2604; x_wconf 89' lang='lat' dir='ltr'><strong>Virgo</strong></span> <span class='ocrx_word' id='word_1_841' title='bbox 1682 2533 1802 2602; x_wconf 90' lang='lat' dir='ltr'><strong>prostitui</strong></span> <span class='ocrx_word' id='word_1_842' title='bbox 1820 2543 1940 2603; x_wconf 84' lang='lat' dir='ltr'><strong>potest,</strong></span> 
     </span>
     <span class='ocr_line' id='line_1_110' title="bbox 1132 2603 1941 2675; baseline -0.002 -16"><span class='ocrx_word' id='word_1_843' title='bbox 1132 2605 1274 2662; x_wconf 91' lang='lat' dir='ltr'><strong>adulterari</strong></span> <span class='ocrx_word' id='word_1_844' title='bbox 1287 2620 1339 2660; x_wconf 93' lang='lat' dir='ltr'><strong>non</strong></span> <span class='ocrx_word' id='word_1_845' title='bbox 1352 2615 1452 2674; x_wconf 85' lang='lat' dir='ltr'><strong>potest;</strong></span> <span class='ocrx_word' id='word_1_846' title='bbox 1464 2619 1513 2660; x_wconf 91' lang='lat' dir='ltr'><strong>nee</strong></span> <span class='ocrx_word' id='word_1_847' title='bbox 1525 2605 1662 2675; x_wconf 87' lang='lat' dir='ltr'><strong>lupanaria</strong></span> <span class='ocrx_word' id='word_1_848' title='bbox 1675 2603 1803 2658; x_wconf 79' lang='lat' dir='ltr'><strong>infamant</strong></span> <span class='ocrx_word' id='word_1_849' title='bbox 1816 2606 1941 2660; x_wconf 85' lang='lat' dir='ltr'><strong>eastita-</strong></span> 
     </span>
     <span class='ocr_line' id='line_1_111' title="bbox 1133 2673 1940 2741; baseline -0.001 -11"><span class='ocrx_word' id='word_1_850' title='bbox 1133 2683 1197 2741; x_wconf 92' lang='lat' dir='ltr'><strong>tem,</strong></span> <span class='ocrx_word' id='word_1_851' title='bbox 1217 2676 1263 2732; x_wconf 91' lang='lat' dir='ltr'><strong>sed</strong></span> <span class='ocrx_word' id='word_1_852' title='bbox 1281 2677 1388 2730; x_wconf 89' lang='lat' dir='ltr'><strong>castitas</strong></span> <span class='ocrx_word' id='word_1_853' title='bbox 1405 2677 1484 2731; x_wconf 91' lang='lat' dir='ltr'><strong>etiam</strong></span> <span class='ocrx_word' id='word_1_854' title='bbox 1504 2676 1555 2731; x_wconf 90' lang='lat' dir='ltr'><strong>loci</strong></span> <span class='ocrx_word' id='word_1_855' title='bbox 1576 2676 1665 2730; x_wconf 90' lang='lat' dir='ltr'><strong>abolet</strong></span> <span class='ocrx_word' id='word_1_856' title='bbox 1685 2673 1830 2729; x_wconf 82' lang='lat' dir='ltr'><strong>infamiam.</strong></span> <span class='ocrx_word' id='word_1_857' title='bbox 1854 2676 1940 2730; x_wconf 88' lang='lat' dir='ltr'><strong>idem</strong></span> 
     </span>
     <span class='ocr_line' id='line_1_112' title="bbox 1133 2745 1940 2818; baseline 0 -18"><span class='ocrx_word' id='word_1_858' title='bbox 1133 2761 1185 2800; x_wconf 92' lang='lat' dir='ltr'><strong>non</strong></span> <span class='ocrx_word' id='word_1_859' title='bbox 1199 2755 1286 2818; x_wconf 80' lang='lat' dir='ltr'><strong>potest</strong></span> <span class='ocrx_word' id='word_1_860' title='bbox 1298 2761 1361 2802; x_wconf 87' lang='lat' dir='ltr'><strong>caro</strong></span> <span class='ocrx_word' id='word_1_861' title='bbox 1373 2747 1519 2816; x_wconf 89' lang='lat' dir='ltr'><strong>eorrumpi,</strong></span> <span class='ocrx_word' id='word_1_862' title='bbox 1539 2746 1591 2801; x_wconf 91' lang='lat' dir='ltr'><strong>nisi</strong></span> <span class='ocrx_word' id='word_1_863' title='bbox 1609 2759 1686 2800; x_wconf 90' lang='lat' dir='ltr'><strong>meus</strong></span> <span class='ocrx_word' id='word_1_864' title='bbox 1700 2755 1762 2800; x_wconf 90' lang='lat' dir='ltr'><strong>ante</strong></span> <span class='ocrx_word' id='word_1_865' title='bbox 1774 2745 1855 2800; x_wconf 84' lang='lat' dir='ltr'><strong>luerit</strong></span> <span class='ocrx_word' id='word_1_866' title='bbox 1867 2761 1940 2800; x_wconf 89' lang='lat' dir='ltr'><strong>cor-</strong></span> 
     </span>
     <span class='ocr_line' id='line_1_113' title="bbox 1133 2813 1939 2888; baseline 0 -18"><span class='ocrx_word' id='word_1_867' title='bbox 1133 2826 1219 2886; x_wconf 79' lang='lat' dir='ltr'><strong>rupto.</strong></span> <span class='ocrx_word' id='word_1_868' title='bbox 1232 2818 1296 2872; x_wconf 91' lang='lat' dir='ltr'><strong>ltern</strong></span> <span class='ocrx_word' id='word_1_869' title='bbox 1308 2817 1421 2872; x_wconf 82' lang='lat' dir='ltr'><strong>isidorus</strong></span> <span class='ocrx_word' id='word_1_870' title='bbox 1433 2819 1459 2872; x_wconf 93' lang='lat' dir='ltr'><strong>in</strong></span> <span class='ocrx_word' id='word_1_871' title='bbox 1473 2817 1634 2888; x_wconf 87' lang='lat' dir='ltr'><strong>Syrrorrymis</strong></span> <span class='ocrx_word' id='word_1_872' title='bbox 1645 2813 1719 2871; x_wconf 85' lang='lat' dir='ltr'><strong>:Non</strong></span> <span class='ocrx_word' id='word_1_873' title='bbox 1731 2823 1818 2885; x_wconf 90' lang='lat' dir='ltr'><strong>potest</strong></span> <span class='ocrx_word' id='word_1_874' title='bbox 1829 2831 1939 2885; x_wconf 89' lang='lat' dir='ltr'><strong>eorpus</strong></span> 
     </span>
     <span class='ocr_line' id='line_1_114' title="bbox 1132 2887 1938 2970; baseline -0.004 -28"><span class='ocrx_word' id='word_1_875' title='bbox 1132 2890 1275 2959; x_wconf 88' lang='lat' dir='ltr'><strong>corrumpi,</strong></span> <span class='ocrx_word' id='word_1_876' title='bbox 1287 2888 1337 2942; x_wconf 93' lang='lat' dir='ltr'><strong>nisi</strong></span> <span class='ocrx_word' id='word_1_877' title='bbox 1351 2887 1423 2970; x_wconf 80' lang='lat' dir='ltr'><strong>prius</strong></span> <span class='ocrx_word' id='word_1_878' title='bbox 1431 2888 1685 2956; x_wconf 81' lang='lat' dir='ltr'><strong>auianuscurruptus</strong></span> <span class='ocrx_word' id='word_1_879' title='bbox 1695 2887 1787 2952; x_wconf 89' lang='lat' dir='ltr'><strong>luerit;</strong></span> <span class='ocrx_word' id='word_1_880' title='bbox 1798 2887 1938 2940; x_wconf 75' lang='lat' dir='ltr'><strong>mundati</strong></span> 
     </span>
     <span class='ocr_line' id='line_1_115' title="bbox 1132 2955 1939 3028; baseline -0.002 -14"><span class='ocrx_word' id='word_1_881' title='bbox 1132 2957 1203 3014; x_wconf 88' lang='lat' dir='ltr'><strong>eninr</strong></span> <span class='ocrx_word' id='word_1_882' title='bbox 1224 2958 1238 3011; x_wconf 83' lang='lat' dir='ltr'><strong>ir</strong></span> <span class='ocrx_word' id='word_1_883' title='bbox 1257 2969 1414 3028; x_wconf 78' lang='lat' dir='ltr'><strong>contagione</strong></span> <span class='ocrx_word' id='word_1_884' title='bbox 1429 2960 1536 3025; x_wconf 81' lang='lat' dir='ltr'><strong>animi,</strong></span> <span class='ocrx_word' id='word_1_885' title='bbox 1550 2972 1614 3013; x_wconf 89' lang='lat' dir='ltr'><strong>caro</strong></span> <span class='ocrx_word' id='word_1_886' title='bbox 1626 2973 1681 3012; x_wconf 89' lang='lat' dir='ltr'><strong>non</strong></span> <span class='ocrx_word' id='word_1_887' title='bbox 1697 2967 1801 3028; x_wconf 89' lang='lat' dir='ltr'><strong>peccat.</strong></span> <span class='ocrx_word' id='word_1_888' title='bbox 1823 2955 1851 3010; x_wconf 94' lang='lat' dir='ltr'><strong>lu</strong></span> <span class='ocrx_word' id='word_1_889' title='bbox 1877 2957 1939 3012; x_wconf 87' lang='lat' dir='ltr'><strong>liae</strong></span> 
     </span>
     <span class='ocr_line' id='line_1_116' title="bbox 1133 3027 1933 3099; baseline 0 -17"><span class='ocrx_word' id='word_1_890' title='bbox 1133 3028 1210 3098; x_wconf 80' lang='lat' dir='ltr'><strong>ltrrjns</strong></span> <span class='ocrx_word' id='word_1_891' title='bbox 1219 3030 1325 3098; x_wconf 87' lang='lat' dir='ltr'><strong>capituli</strong></span> <span class='ocrx_word' id='word_1_892' title='bbox 1339 3030 1456 3099; x_wconf 87' lang='lat' dir='ltr'><strong>aperitur</strong></span> <span class='ocrx_word' id='word_1_893' title='bbox 1466 3027 1599 3098; x_wconf 77' lang='lat' dir='ltr'><strong>quomode</strong></span> <span class='ocrx_word' id='word_1_894' title='bbox 1608 3043 1700 3083; x_wconf 86' lang='lat' dir='ltr'><strong>verum</strong></span> <span class='ocrx_word' id='word_1_895' title='bbox 1714 3029 1758 3095; x_wconf 86' lang='lat' dir='ltr'><strong>sit,</strong></span> <span class='ocrx_word' id='word_1_896' title='bbox 1771 3027 1822 3082; x_wconf 94' lang='lat' dir='ltr'><strong>nisi</strong></span> <span class='ocrx_word' id='word_1_897' title='bbox 1832 3029 1933 3082; x_wconf 85' lang='lat' dir='ltr'><strong>anima</strong></span> 
     </span>
     <span class='ocr_line' id='line_1_117' title="bbox 1133 3099 1935 3170; baseline 0 -16"><span class='ocrx_word' id='word_1_898' title='bbox 1133 3100 1205 3168; x_wconf 88' lang='lat' dir='ltr'><strong>priits</strong></span> <span class='ocrx_word' id='word_1_899' title='bbox 1217 3099 1295 3154; x_wconf 86' lang='lat' dir='ltr'><strong>l&#39;nerit</strong></span> <span class='ocrx_word' id='word_1_900' title='bbox 1305 3111 1440 3170; x_wconf 87' lang='lat' dir='ltr'><strong>corrupta,</strong></span> <span class='ocrx_word' id='word_1_901' title='bbox 1451 3115 1549 3170; x_wconf 89' lang='lat' dir='ltr'><strong>cerpus</strong></span> <span class='ocrx_word' id='word_1_902' title='bbox 1563 3115 1614 3153; x_wconf 86' lang='lat' dir='ltr'><strong>rrnn</strong></span> <span class='ocrx_word' id='word_1_903' title='bbox 1627 3112 1707 3168; x_wconf 89' lang='lat' dir='ltr'><strong>posse</strong></span> <span class='ocrx_word' id='word_1_904' title='bbox 1716 3101 1864 3167; x_wconf 84' lang='lat' dir='ltr'><strong>corrumpi,</strong></span> <span class='ocrx_word' id='word_1_905' title='bbox 1880 3101 1935 3154; x_wconf 87' lang='lat' dir='ltr'><strong>sci-</strong></span> 
     </span>
     <span class='ocr_line' id='line_1_118' title="bbox 1132 3168 1935 3240; baseline 0 -16"><span class='ocrx_word' id='word_1_906' title='bbox 1132 3171 1193 3226; x_wconf 86' lang='lat' dir='ltr'><strong>lieet</strong></span> <span class='ocrx_word' id='word_1_907' title='bbox 1210 3180 1325 3238; x_wconf 79' lang='lat' dir='ltr'><strong>yrcccato.</strong></span> <span class='ocrx_word' id='word_1_908' title='bbox 1343 3170 1408 3224; x_wconf 89' lang='lat' dir='ltr'><strong>llhnl</strong></span> <span class='ocrx_word' id='word_1_909' title='bbox 1428 3172 1508 3224; x_wconf 88' lang='lat' dir='ltr'><strong>otiam</strong></span> <span class='ocrx_word' id='word_1_910' title='bbox 1527 3169 1665 3240; x_wconf 83' lang='lat' dir='ltr'><strong>Augustini</strong></span> <span class='ocrx_word' id='word_1_911' title='bbox 1685 3169 1712 3224; x_wconf 92' lang='lat' dir='ltr'><strong>in</strong></span> <span class='ocrx_word' id='word_1_912' title='bbox 1732 3170 1776 3225; x_wconf 87' lang='lat' dir='ltr'><strong>lib.</strong></span> <span class='ocrx_word' id='word_1_913' title='bbox 1796 3168 1831 3224; x_wconf 89' lang='lat' dir='ltr'><strong>dc</strong></span> <span class='ocrx_word' id='word_1_914' title='bbox 1853 3169 1935 3224; x_wconf 79' lang='lat' dir='ltr'><strong>Boura</strong></span> 
     </span>
     <span class='ocr_line' id='line_1_119' title="bbox 1132 3237 1936 3311; baseline -0.002 -15"><span class='ocrx_word' id='word_1_915' title='bbox 1132 3241 1275 3311; x_wconf 85' lang='lat' dir='ltr'><strong>currjugali,</strong></span> <span class='ocrx_word' id='word_1_916' title='bbox 1290 3257 1314 3296; x_wconf 92' lang='lat' dir='ltr'><strong>c.</strong></span> <span class='ocrx_word' id='word_1_917' title='bbox 1329 3241 1372 3303; x_wconf 83' lang='lat' dir='ltr'><strong>tu,</strong></span> <span class='ocrx_word' id='word_1_918' title='bbox 1387 3241 1579 3296; x_wconf 74' lang='lat' dir='ltr'><strong>adnectendum</strong></span> <span class='ocrx_word' id='word_1_919' title='bbox 1589 3250 1630 3296; x_wconf 85' lang='grc' dir='ltr'><strong>εει</strong></span> <span class='ocrx_word' id='word_1_920' title='bbox 1644 3259 1649 3293; x_wconf 93' lang='lat'><strong>:</strong></span> <span class='ocrx_word' id='word_1_921' title='bbox 1661 3237 1745 3306; x_wconf 85' lang='lat' dir='ltr'><strong>Sicut,</strong></span> <span class='ocrx_word' id='word_1_922' title='bbox 1760 3239 1858 3308; x_wconf 76' lang='lat' dir='ltr'><strong>iurauit,</strong></span> <span class='ocrx_word' id='word_1_923' title='bbox 1872 3257 1936 3294; x_wconf 84' lang='lat' dir='ltr'><strong>sarr·</strong></span> 
     </span>
     <span class='ocr_line' id='line_1_120' title="bbox 1132 3309 1934 3382; baseline 0.004 -19"><span class='ocrx_word' id='word_1_924' title='bbox 1132 3313 1199 3366; x_wconf 86' lang='lat' dir='ltr'><strong>etius</strong></span> <span class='ocrx_word' id='word_1_925' title='bbox 1214 3321 1255 3367; x_wconf 84' lang='lat' dir='ltr'><strong>est</strong></span> <span class='ocrx_word' id='word_1_926' title='bbox 1267 3313 1334 3366; x_wconf 84' lang='lat' dir='ltr'><strong>nturi</strong></span> <span class='ocrx_word' id='word_1_927' title='bbox 1351 3313 1419 3366; x_wconf 81' lang='lat' dir='ltr'><strong>lature</strong></span> <span class='ocrx_word' id='word_1_928' title='bbox 1437 3310 1515 3382; x_wconf 78' lang='lat' dir='ltr'><strong>quarn</strong></span> <span class='ocrx_word' id='word_1_929' title='bbox 1534 3309 1635 3366; x_wconf 91' lang='lat' dir='ltr'><strong>idoloth</strong></span> <span class='ocrx_word' id='word_1_930' title='bbox 1656 3311 1689 3364; x_wconf 91' lang='lat' dir='ltr'><strong>tis</strong></span> <span class='ocrx_word' id='word_1_931' title='bbox 1707 3312 1793 3374; x_wconf 80' lang='lat' dir='ltr'><strong>resci;</strong></span> <span class='ocrx_word' id='word_1_932' title='bbox 1809 3311 1846 3364; x_wconf 89' lang='lat' dir='ltr'><strong>ita</strong></span> <span class='ocrx_word' id='word_1_933' title='bbox 1863 3327 1934 3366; x_wconf 87' lang='lat' dir='ltr'><strong>san·</strong></span> 
     </span>
     <span class='ocr_line' id='line_1_121' title="bbox 1132 3381 1933 3452; baseline 0 -16"><span class='ocrx_word' id='word_1_934' title='bbox 1132 3384 1200 3438; x_wconf 90' lang='lat' dir='ltr'><strong>ctius</strong></span> <span class='ocrx_word' id='word_1_935' title='bbox 1221 3389 1263 3437; x_wconf 90' lang='lat' dir='ltr'><strong>est</strong></span> <span class='ocrx_word' id='word_1_936' title='bbox 1278 3381 1383 3450; x_wconf 84' lang='lat' dir='ltr'><strong>deluugi</strong></span> <span class='ocrx_word' id='word_1_937' title='bbox 1402 3383 1459 3437; x_wconf 90' lang='lat' dir='ltr'><strong>sine</strong></span> <span class='ocrx_word' id='word_1_938' title='bbox 1477 3381 1588 3450; x_wconf 87' lang='lat' dir='ltr'><strong>liberis,</strong></span> <span class='ocrx_word' id='word_1_939' title='bbox 1604 3396 1638 3452; x_wconf 83' lang='lat' dir='ltr'><strong>au</strong></span> <span class='ocrx_word' id='word_1_940' title='bbox 1698 3397 1730 3436; x_wconf 86' lang='lat' dir='ltr'><strong>er</strong></span> <span class='ocrx_word' id='word_1_941' title='bbox 1749 3381 1842 3434; x_wconf 89' lang='lat' dir='ltr'><strong>illicito</strong></span> <span class='ocrx_word' id='word_1_942' title='bbox 1856 3383 1933 3436; x_wconf 90' lang='lat' dir='ltr'><strong>coitu</strong></span> 
     </span>
     <span class='ocr_line' id='line_1_122' title="bbox 1132 3451 1931 3522; baseline 0 -15"><span class='ocrx_word' id='word_1_943' title='bbox 1132 3453 1241 3522; x_wconf 89' lang='lat' dir='ltr'><strong>stirpem</strong></span> <span class='ocrx_word' id='word_1_944' title='bbox 1255 3469 1383 3522; x_wconf 77' lang='lat' dir='ltr'><strong>quarere.</strong></span> <span class='ocrx_word' id='word_1_945' title='bbox 1398 3451 1589 3522; x_wconf 88' lang='lat' dir='ltr'><strong>Undecumque</strong></span> <span class='ocrx_word' id='word_1_946' title='bbox 1603 3452 1667 3507; x_wconf 87' lang='lat' dir='ltr'><strong>verb</strong></span> <span class='ocrx_word' id='word_1_947' title='bbox 1678 3461 1822 3507; x_wconf 88' lang='lat' dir='ltr'><strong>nascautur</strong></span> <span class='ocrx_word' id='word_1_948' title='bbox 1837 3451 1931 3507; x_wconf 87' lang='lat' dir='ltr'><strong>honri·</strong></span> 
     </span>
     <span class='ocr_line' id='line_1_123' title="bbox 1133 3521 1932 3594; baseline 0.003 -18"><span class='ocrx_word' id='word_1_949' title='bbox 1133 3538 1194 3588; x_wconf 88' lang='lat' dir='ltr'><strong>nes,</strong></span> <span class='ocrx_word' id='word_1_950' title='bbox 1211 3524 1233 3578; x_wconf 95' lang='lat' dir='ltr'><strong>si</strong></span> <span class='ocrx_word' id='word_1_951' title='bbox 1247 3535 1385 3594; x_wconf 87' lang='lat' dir='ltr'><strong>pareutum</strong></span> <span class='ocrx_word' id='word_1_952' title='bbox 1399 3524 1461 3578; x_wconf 84' lang='lat' dir='ltr'><strong>uitia</strong></span> <span class='ocrx_word' id='word_1_953' title='bbox 1476 3539 1529 3577; x_wconf 93' lang='lat' dir='ltr'><strong>nun</strong></span> <span class='ocrx_word' id='word_1_954' title='bbox 1545 3533 1693 3588; x_wconf 85' lang='lat' dir='ltr'><strong>sectantur,</strong></span> <span class='ocrx_word' id='word_1_955' title='bbox 1709 3523 1835 3577; x_wconf 83' lang='lat' dir='ltr'><strong>etheum</strong></span> <span class='ocrx_word' id='word_1_956' title='bbox 1855 3521 1932 3578; x_wconf 77' lang='lat' dir='ltr'><strong>recte</strong></span> 
     </span>
     <span class='ocr_line' id='line_1_124' title="bbox 1134 3593 1930 3664; baseline 0 -16"><span class='ocrx_word' id='word_1_957' title='bbox 1134 3594 1233 3659; x_wconf 66' lang='lat' dir='ltr'><strong>trudant,</strong></span> <span class='ocrx_word' id='word_1_958' title='bbox 1252 3593 1355 3648; x_wconf 85' lang='lat' dir='ltr'><strong>lrorrcsti</strong></span> <span class='ocrx_word' id='word_1_959' title='bbox 1370 3604 1396 3648; x_wconf 90' lang='lat' dir='ltr'><strong>et</strong></span> <span class='ocrx_word' id='word_1_960' title='bbox 1410 3594 1475 3648; x_wconf 84' lang='lat' dir='ltr'><strong>salui</strong></span> <span class='ocrx_word' id='word_1_961' title='bbox 1490 3603 1576 3650; x_wconf 89' lang='lat' dir='ltr'><strong>erunt.</strong></span> <span class='ocrx_word' id='word_1_962' title='bbox 1592 3595 1691 3651; x_wconf 82' lang='lat' dir='ltr'><strong>Semeu</strong></span> <span class='ocrx_word' id='word_1_963' title='bbox 1706 3593 1778 3648; x_wconf 88' lang='lat' dir='ltr'><strong>enim</strong></span> <span class='ocrx_word' id='word_1_964' title='bbox 1793 3609 1827 3648; x_wconf 84' lang='lat' dir='ltr'><strong>ex</strong></span> <span class='ocrx_word' id='word_1_965' title='bbox 1841 3595 1930 3664; x_wconf 67' lang='lat' dir='ltr'><strong>quasli-</strong></span> 
     </span>
     <span class='ocr_line' id='line_1_125' title="bbox 1132 3663 1930 3733; baseline 0.003 -15"><span class='ocrx_word' id='word_1_966' title='bbox 1132 3679 1247 3733; x_wconf 85' lang='lat' dir='ltr'><strong>ernnque</strong></span> <span class='ocrx_word' id='word_1_967' title='bbox 1261 3664 1380 3732; x_wconf 90' lang='lat' dir='ltr'><strong>homine,</strong></span> <span class='ocrx_word' id='word_1_968' title='bbox 1396 3664 1441 3720; x_wconf 81' lang='lat' dir='ltr'><strong>liei</strong></span> <span class='ocrx_word' id='word_1_969' title='bbox 1454 3674 1577 3720; x_wconf 86' lang='lat' dir='ltr'><strong>creatura</strong></span> <span class='ocrx_word' id='word_1_970' title='bbox 1587 3672 1642 3730; x_wconf 88' lang='lat' dir='ltr'><strong>est,</strong></span> <span class='ocrx_word' id='word_1_971' title='bbox 1657 3674 1684 3720; x_wconf 93' lang='lat' dir='ltr'><strong>et</strong></span> <span class='ocrx_word' id='word_1_972' title='bbox 1698 3679 1731 3720; x_wconf 94' lang='lat' dir='ltr'><strong>ee</strong></span> <span class='ocrx_word' id='word_1_973' title='bbox 1744 3663 1816 3718; x_wconf 80' lang='lat' dir='ltr'><strong>male</strong></span> <span class='ocrx_word' id='word_1_974' title='bbox 1829 3665 1930 3732; x_wconf 87' lang='lat' dir='ltr'><strong>utenti,</strong></span> 
     </span>
     <span class='ocr_line' id='line_1_126' title="bbox 1133 3733 1799 3807; baseline 0.002 -19"><span class='ocrx_word' id='word_1_975' title='bbox 1133 3733 1202 3790; x_wconf 80' lang='lat' dir='ltr'><strong>ataid</strong></span> <span class='ocrx_word' id='word_1_976' title='bbox 1214 3735 1280 3800; x_wconf 89' lang='lat' dir='ltr'><strong>erit;</strong></span> <span class='ocrx_word' id='word_1_977' title='bbox 1297 3751 1350 3792; x_wconf 83' lang='lat' dir='ltr'><strong>noar</strong></span> <span class='ocrx_word' id='word_1_978' title='bbox 1365 3736 1451 3806; x_wconf 88' lang='lat' dir='ltr'><strong>ipsum</strong></span> <span class='ocrx_word' id='word_1_979' title='bbox 1466 3736 1609 3807; x_wconf 86' lang='lat' dir='ltr'><strong>aliquando</strong></span> <span class='ocrx_word' id='word_1_980' title='bbox 1622 3736 1720 3791; x_wconf 88' lang='lat' dir='ltr'><strong>malurn</strong></span> <span class='ocrx_word' id='word_1_981' title='bbox 1736 3735 1799 3790; x_wconf 89' lang='lat' dir='ltr'><strong>erit.</strong></span> 
     </span>
    </p>
   </div>
   <div class='ocr_carea' id='block_1_5' title="bbox 1360 3847 1697 3976">
    <p class='ocr_par' dir='ltr' id='par_1_13' title="bbox 1360 3847 1697 3976">
     <span class='ocr_line' id='line_1_127' title="bbox 1362 3847 1692 3924; baseline 0.003 -23"><span class='ocrx_word' id='word_1_982' title='bbox 1362 3848 1551 3924; x_wconf 77' lang='lat' dir='ltr'><strong>ptsTtttclto</strong></span> <span class='ocrx_word' id='word_1_983' title='bbox 1572 3847 1692 3904; x_wconf 85' lang='lat' dir='ltr'><strong>lilllllll.</strong></span> 
     </span>
     <span class='ocr_line' id='line_1_128' title="bbox 1360 3933 1697 3976; baseline -0.006 -1"><span class='ocrx_word' id='word_1_984' title='bbox 1360 3935 1395 3975; x_wconf 83' lang='lat' dir='ltr'><strong>uu</strong></span> <span class='ocrx_word' id='word_1_985' title='bbox 1414 3934 1535 3976; x_wconf 81' lang='lat' dir='ltr'><strong>ssnsosrs</strong></span> <span class='ocrx_word' id='word_1_986' title='bbox 1555 3933 1697 3976; x_wconf 81' lang='lat' dir='ltr'><strong>tustanus.</strong></span> 
     </span>
    </p>
   </div>
   <div class='ocr_carea' id='block_1_6' title="bbox 1132 4010 1929 5846">
    <p class='ocr_par' dir='ltr' id='par_1_14' title="bbox 1132 4010 1929 5272">
     <span class='ocr_line' id='line_1_129' title="bbox 1168 4010 1928 4084; baseline 0.003 -18"><span class='ocrx_word' id='word_1_987' title='bbox 1168 4012 1195 4068; x_wconf 92' lang='lat' dir='ltr'><strong>l.</strong></span> <span class='ocrx_word' id='word_1_988' title='bbox 1210 4010 1287 4067; x_wconf 84' lang='lat' dir='ltr'><strong>liun&#39;c</strong></span> <span class='ocrx_word' id='word_1_989' title='bbox 1301 4021 1424 4082; x_wconf 91' lang='lat' dir='ltr'><strong>superest</strong></span> <span class='ocrx_word' id='word_1_990' title='bbox 1435 4013 1572 4069; x_wconf 87' lang='lat' dir='ltr'><strong>attendere</strong></span> <span class='ocrx_word' id='word_1_991' title='bbox 1584 4027 1644 4084; x_wconf 79' lang='lat' dir='ltr'><strong>quas</strong></span> <span class='ocrx_word' id='word_1_992' title='bbox 1656 4025 1777 4082; x_wconf 78' lang='lat' dir='ltr'><strong>personas</strong></span> <span class='ocrx_word' id='word_1_993' title='bbox 1790 4012 1846 4068; x_wconf 88' lang='lat' dir='ltr'><strong>sint</strong></span> <span class='ocrx_word' id='word_1_994' title='bbox 1860 4013 1928 4084; x_wconf 87' lang='lat' dir='ltr'><strong>legi-</strong></span> 
     </span>
     <span class='ocr_line' id='line_1_130' title="bbox 1132 4082 1929 4154; baseline 0 -15"><span class='ocrx_word' id='word_1_995' title='bbox 1132 4083 1204 4139; x_wconf 81' lang='lat' dir='ltr'><strong>rina</strong></span> <span class='ocrx_word' id='word_1_996' title='bbox 1214 4083 1247 4136; x_wconf 91' lang='lat' dir='ltr'><strong>ad</strong></span> <span class='ocrx_word' id='word_1_997' title='bbox 1261 4083 1471 4138; x_wconf 81' lang='lat' dir='ltr'><strong>contrahendum</strong></span> <span class='ocrx_word' id='word_1_998' title='bbox 1485 4083 1694 4139; x_wconf 88' lang='lat' dir='ltr'><strong>matrimonium.</strong></span> <span class='ocrx_word' id='word_1_999' title='bbox 1706 4082 1847 4154; x_wconf 76' lang='lat' dir='ltr'><strong>Legitimae</strong></span> <span class='ocrx_word' id='word_1_1000' title='bbox 1856 4085 1929 4153; x_wconf 83' lang='lat' dir='ltr'><strong>judi-</strong></span> 
     </span>
     <span class='ocr_line' id='line_1_131' title="bbox 1132 4153 1928 4225; baseline 0 -15"><span class='ocrx_word' id='word_1_1001' title='bbox 1132 4163 1226 4210; x_wconf 89' lang='lat' dir='ltr'><strong>eantur</strong></span> <span class='ocrx_word' id='word_1_1002' title='bbox 1236 4153 1511 4224; x_wconf 78' lang='lat' dir='ltr'><strong>persenaesceuudhm</strong></span> <span class='ocrx_word' id='word_1_1003' title='bbox 1520 4163 1615 4210; x_wconf 89' lang='lat' dir='ltr'><strong>statuta</strong></span> <span class='ocrx_word' id='word_1_1004' title='bbox 1625 4153 1928 4225; x_wconf 84' lang='lat' dir='ltr'><strong>Patmnr‚qu.edircrsa</strong></span> 
     </span>
     <span class='ocr_line' id='line_1_132' title="bbox 1132 4224 1928 4297; baseline 0.001 -16"><span class='ocrx_word' id='word_1_1005' title='bbox 1132 4233 1203 4281; x_wconf 89' lang='lat' dir='ltr'><strong>suut.</strong></span> <span class='ocrx_word' id='word_1_1006' title='bbox 1219 4225 1285 4280; x_wconf 78' lang='lat' dir='ltr'><strong>Alia</strong></span> <span class='ocrx_word' id='word_1_1007' title='bbox 1300 4241 1413 4295; x_wconf 77' lang='lat' dir='ltr'><strong>ruantque</strong></span> <span class='ocrx_word' id='word_1_1008' title='bbox 1426 4226 1532 4281; x_wconf 90' lang='lat' dir='ltr'><strong>luerunt</strong></span> <span class='ocrx_word' id='word_1_1009' title='bbox 1545 4224 1670 4297; x_wconf 74' lang='lat' dir='ltr'><strong>legitimae</strong></span> <span class='ocrx_word' id='word_1_1010' title='bbox 1684 4235 1745 4280; x_wconf 88' lang='lat' dir='ltr'><strong>aute</strong></span> <span class='ocrx_word' id='word_1_1011' title='bbox 1759 4226 1857 4296; x_wconf 75' lang='lat' dir='ltr'><strong>legem,</strong></span> <span class='ocrx_word' id='word_1_1012' title='bbox 1870 4229 1928 4282; x_wconf 82' lang='lat' dir='ltr'><strong>alia</strong></span> 
     </span>
     <span class='ocr_line' id='line_1_133' title="bbox 1133 4293 1927 4380; baseline 0.001 -30"><span class='ocrx_word' id='word_1_1013' title='bbox 1133 4296 1183 4351; x_wconf 94' lang='lat' dir='ltr'><strong>sub</strong></span> <span class='ocrx_word' id='word_1_1014' title='bbox 1197 4296 1273 4366; x_wconf 84' lang='lat' dir='ltr'><strong>lege,</strong></span> <span class='ocrx_word' id='word_1_1015' title='bbox 1286 4295 1346 4352; x_wconf 86' lang='lat' dir='ltr'><strong>aliae</strong></span> <span class='ocrx_word' id='word_1_1016' title='bbox 1365 4296 1392 4352; x_wconf 93' lang='lat' dir='ltr'><strong>in</strong></span> <span class='ocrx_word' id='word_1_1017' title='bbox 1410 4304 1530 4367; x_wconf 91' lang='lat' dir='ltr'><strong>tempore</strong></span> <span class='ocrx_word' id='word_1_1018' title='bbox 1543 4296 1645 4380; x_wconf 79' lang='lat' dir='ltr'><strong>gratiae.</strong></span> <span class='ocrx_word' id='word_1_1019' title='bbox 1661 4293 1727 4352; x_wconf 88' lang='lat' dir='ltr'><strong>hem</strong></span> <span class='ocrx_word' id='word_1_1020' title='bbox 1746 4296 1773 4350; x_wconf 90' lang='lat' dir='ltr'><strong>ia</strong></span> <span class='ocrx_word' id='word_1_1021' title='bbox 1793 4296 1927 4366; x_wconf 75' lang='lat' dir='ltr'><strong>primitivi</strong></span> 
     </span>
     <span class='ocr_line' id='line_1_134' title="bbox 1133 4365 1926 4438; baseline 0.004 -18"><span class='ocrx_word' id='word_1_1022' title='bbox 1133 4365 1252 4421; x_wconf 79' lang='lat' dir='ltr'><strong>Ecclesia</strong></span> <span class='ocrx_word' id='word_1_1023' title='bbox 1263 4367 1383 4436; x_wconf 76' lang='lat' dir='ltr'><strong>quedam</strong></span> <span class='ocrx_word' id='word_1_1024' title='bbox 1394 4375 1470 4422; x_wconf 91' lang='lat' dir='ltr'><strong>erant</strong></span> <span class='ocrx_word' id='word_1_1025' title='bbox 1480 4367 1613 4436; x_wconf 79' lang='lat' dir='ltr'><strong>legitimae,</strong></span> <span class='ocrx_word' id='word_1_1026' title='bbox 1626 4383 1685 4438; x_wconf 83' lang='lat' dir='ltr'><strong>uuae</strong></span> <span class='ocrx_word' id='word_1_1027' title='bbox 1697 4365 1778 4422; x_wconf 86' lang='lat' dir='ltr'><strong>modd</strong></span> <span class='ocrx_word' id='word_1_1028' title='bbox 1790 4382 1843 4421; x_wconf 93' lang='lat' dir='ltr'><strong>uon</strong></span> <span class='ocrx_word' id='word_1_1029' title='bbox 1855 4376 1926 4423; x_wconf 91' lang='lat' dir='ltr'><strong>suut.</strong></span> 
     </span>
     <span class='ocr_line' id='line_1_135' title="bbox 1133 4435 1924 4509; baseline -0.003 -17"><span class='ocrx_word' id='word_1_1030' title='bbox 1133 4435 1233 4492; x_wconf 87' lang='lat' dir='ltr'><strong>Earum</strong></span> <span class='ocrx_word' id='word_1_1031' title='bbox 1248 4436 1310 4491; x_wconf 86' lang='lat' dir='ltr'><strong>verb</strong></span> <span class='ocrx_word' id='word_1_1032' title='bbox 1322 4453 1382 4509; x_wconf 75' lang='lat' dir='ltr'><strong>quas</strong></span> <span class='ocrx_word' id='word_1_1033' title='bbox 1398 4437 1478 4492; x_wconf 87' lang='lat' dir='ltr'><strong>modb</strong></span> <span class='ocrx_word' id='word_1_1034' title='bbox 1493 4436 1618 4509; x_wconf 74' lang='lat' dir='ltr'><strong>legitimae</strong></span> <span class='ocrx_word' id='word_1_1035' title='bbox 1632 4446 1695 4492; x_wconf 84' lang='lat' dir='ltr'><strong>surrt</strong></span> <span class='ocrx_word' id='word_1_1036' title='bbox 1708 4437 1749 4492; x_wconf 86' lang='lat' dir='ltr'><strong>vel</strong></span> <span class='ocrx_word' id='word_1_1037' title='bbox 1764 4436 1791 4492; x_wconf 96' lang='lat' dir='ltr'><strong>ill</strong></span> <span class='ocrx_word' id='word_1_1038' title='bbox 1827 4437 1924 4504; x_wconf 76' lang='lat' dir='ltr'><strong>itiam,</strong></span> 
     </span>
     <span class='ocr_line' id='line_1_136' title="bbox 1134 4453 1927 4633; baseline 0.001 -71"><span class='ocrx_word' id='word_1_1039' title='bbox 1134 4507 1255 4578; x_wconf 82' lang='lat' dir='ltr'><strong>auaedam</strong></span> <span class='ocrx_word' id='word_1_1040' title='bbox 1268 4513 1330 4562; x_wconf 90' lang='lat' dir='ltr'><strong>sunt</strong></span> <span class='ocrx_word' id='word_1_1041' title='bbox 1342 4507 1420 4577; x_wconf 84' lang='lat' dir='ltr'><strong>plene</strong></span> <span class='ocrx_word' id='word_1_1042' title='bbox 1434 4508 1568 4578; x_wconf 81' lang='lat' dir='ltr'><strong>legitima,</strong></span> <span class='ocrx_word' id='word_1_1043' title='bbox 1584 4508 1707 4633; x_wconf 41' lang='lat' dir='ltr'><strong>quaedam</strong></span> <span class='ocrx_word' id='word_1_1044' title='bbox 1719 4453 1829 4564; x_wconf 55' lang='lat' dir='ltr'><strong>amulii)</strong></span> <span class='ocrx_word' id='word_1_1045' title='bbox 1843 4509 1927 4579; x_wconf 88' lang='lat' dir='ltr'><strong>illegi-</strong></span> 
     </span>
     <span class='ocr_line' id='line_1_137' title="bbox 1135 4577 1925 4650; baseline 0.003 -18"><span class='ocrx_word' id='word_1_1046' title='bbox 1135 4579 1223 4644; x_wconf 80' lang='lat' dir='ltr'><strong>timae,</strong></span> <span class='ocrx_word' id='word_1_1047' title='bbox 1237 4577 1358 4648; x_wconf 77' lang='lat' dir='ltr'><strong>quaedam</strong></span> <span class='ocrx_word' id='word_1_1048' title='bbox 1377 4579 1481 4634; x_wconf 80' lang='lat' dir='ltr'><strong>medice.</strong></span> <span class='ocrx_word' id='word_1_1049' title='bbox 1501 4577 1584 4635; x_wconf 82' lang='lat' dir='ltr'><strong>Pleud</strong></span> <span class='ocrx_word' id='word_1_1050' title='bbox 1608 4579 1814 4650; x_wconf 74' lang='lat' dir='ltr'><strong>egitimatsunt,</strong></span> <span class='ocrx_word' id='word_1_1051' title='bbox 1830 4581 1925 4650; x_wconf 88' lang='lat' dir='ltr'><strong>quibus</strong></span> 
     </span>
     <span class='ocr_line' id='line_1_138' title="bbox 1134 4649 1923 4716; baseline 0.003 -12"><span class='ocrx_word' id='word_1_1052' title='bbox 1134 4664 1186 4704; x_wconf 83' lang='lat' dir='ltr'><strong>trun</strong></span> <span class='ocrx_word' id='word_1_1053' title='bbox 1195 4649 1284 4704; x_wconf 82' lang='lat' dir='ltr'><strong>ebriat</strong></span> <span class='ocrx_word' id='word_1_1054' title='bbox 1293 4659 1383 4704; x_wconf 80' lang='lat' dir='ltr'><strong>uotum</strong></span> <span class='ocrx_word' id='word_1_1055' title='bbox 1397 4651 1579 4716; x_wconf 86' lang='lat' dir='ltr'><strong>continentiae,</strong></span> <span class='ocrx_word' id='word_1_1056' title='bbox 1592 4651 1635 4706; x_wconf 84' lang='lat' dir='ltr'><strong>rel</strong></span> <span class='ocrx_word' id='word_1_1057' title='bbox 1644 4650 1711 4705; x_wconf 93' lang='lat' dir='ltr'><strong>ordo</strong></span> <span class='ocrx_word' id='word_1_1058' title='bbox 1721 4665 1807 4716; x_wconf 85' lang='lat' dir='ltr'><strong>sacer,</strong></span> <span class='ocrx_word' id='word_1_1059' title='bbox 1821 4652 1865 4706; x_wconf 86' lang='lat' dir='ltr'><strong>vel</strong></span> <span class='ocrx_word' id='word_1_1060' title='bbox 1877 4667 1923 4706; x_wconf 91' lang='lat' dir='ltr'><strong>ee·</strong></span> 
     </span>
     <span class='ocr_line' id='line_1_139' title="bbox 1133 4719 1920 4790; baseline 0.005 -18"><span class='ocrx_word' id='word_1_1061' title='bbox 1133 4720 1232 4790; x_wconf 88' lang='lat' dir='ltr'><strong>gnatia,</strong></span> <span class='ocrx_word' id='word_1_1062' title='bbox 1245 4719 1288 4774; x_wconf 85' lang='lat' dir='ltr'><strong>rel</strong></span> <span class='ocrx_word' id='word_1_1063' title='bbox 1298 4719 1388 4790; x_wconf 89' lang='lat' dir='ltr'><strong>dispar</strong></span> <span class='ocrx_word' id='word_1_1064' title='bbox 1397 4721 1494 4788; x_wconf 88' lang='lat' dir='ltr'><strong>cultus,</strong></span> <span class='ocrx_word' id='word_1_1065' title='bbox 1507 4721 1547 4776; x_wconf 87' lang='lat' dir='ltr'><strong>vel</strong></span> <span class='ocrx_word' id='word_1_1066' title='bbox 1559 4720 1687 4785; x_wconf 89' lang='lat' dir='ltr'><strong>conditio,</strong></span> <span class='ocrx_word' id='word_1_1067' title='bbox 1704 4721 1746 4776; x_wconf 83' lang='lat' dir='ltr'><strong>vel</strong></span> <span class='ocrx_word' id='word_1_1068' title='bbox 1760 4729 1861 4775; x_wconf 73' lang='lat' dir='ltr'><strong>natura</strong></span> <span class='ocrx_word' id='word_1_1069' title='bbox 1872 4721 1920 4776; x_wconf 89' lang='lat' dir='ltr'><strong>iri-</strong></span> 
     </span>
     <span class='ocr_line' id='line_1_140' title="bbox 1133 4789 1923 4862; baseline 0.005 -18"><span class='ocrx_word' id='word_1_1070' title='bbox 1133 4789 1248 4861; x_wconf 86' lang='lat' dir='ltr'><strong>giditas,</strong></span> <span class='ocrx_word' id='word_1_1071' title='bbox 1263 4791 1323 4846; x_wconf 89' lang='lat' dir='ltr'><strong>etsi</strong></span> <span class='ocrx_word' id='word_1_1072' title='bbox 1342 4790 1405 4862; x_wconf 90' lang='lat' dir='ltr'><strong>quid</strong></span> <span class='ocrx_word' id='word_1_1073' title='bbox 1424 4799 1467 4847; x_wconf 90' lang='lat' dir='ltr'><strong>est</strong></span> <span class='ocrx_word' id='word_1_1074' title='bbox 1484 4790 1565 4849; x_wconf 89' lang='lat' dir='ltr'><strong>aliud.</strong></span> <span class='ocrx_word' id='word_1_1075' title='bbox 1581 4791 1691 4848; x_wconf 85' lang='lat' dir='ltr'><strong>Peniths</strong></span> <span class='ocrx_word' id='word_1_1076' title='bbox 1703 4790 1768 4848; x_wconf 85' lang='lat' dir='ltr'><strong>verb</strong></span> <span class='ocrx_word' id='word_1_1077' title='bbox 1781 4791 1923 4862; x_wconf 83' lang='lat' dir='ltr'><strong>illegitimae</strong></span> 
     </span>
     <span class='ocr_line' id='line_1_141' title="bbox 1134 4861 1924 4933; baseline 0.001 -16"><span class='ocrx_word' id='word_1_1078' title='bbox 1134 4869 1196 4917; x_wconf 87' lang='lat' dir='ltr'><strong>sunt</strong></span> <span class='ocrx_word' id='word_1_1079' title='bbox 1210 4877 1257 4930; x_wconf 89' lang='lat' dir='ltr'><strong>per</strong></span> <span class='ocrx_word' id='word_1_1080' title='bbox 1271 4869 1378 4927; x_wconf 86' lang='lat' dir='ltr'><strong>retum,</strong></span> <span class='ocrx_word' id='word_1_1081' title='bbox 1391 4877 1438 4932; x_wconf 92' lang='lat' dir='ltr'><strong>per</strong></span> <span class='ocrx_word' id='word_1_1082' title='bbox 1451 4861 1588 4928; x_wconf 88' lang='lat' dir='ltr'><strong>ordinem,</strong></span> <span class='ocrx_word' id='word_1_1083' title='bbox 1605 4878 1652 4932; x_wconf 91' lang='lat' dir='ltr'><strong>per</strong></span> <span class='ocrx_word' id='word_1_1084' title='bbox 1666 4863 1860 4933; x_wconf 83' lang='lat' dir='ltr'><strong>cognationem,</strong></span> <span class='ocrx_word' id='word_1_1085' title='bbox 1878 4879 1924 4932; x_wconf 90' lang='lat' dir='ltr'><strong>per</strong></span> 
     </span>
     <span class='ocr_line' id='line_1_142' title="bbox 1134 4931 1922 5002; baseline 0.001 -16"><span class='ocrx_word' id='word_1_1086' title='bbox 1134 4931 1266 5001; x_wconf 87' lang='lat' dir='ltr'><strong>disparem</strong></span> <span class='ocrx_word' id='word_1_1087' title='bbox 1283 4932 1394 4988; x_wconf 92' lang='lat' dir='ltr'><strong>cultum.</strong></span> <span class='ocrx_word' id='word_1_1088' title='bbox 1409 4932 1502 4988; x_wconf 75' lang='lat' dir='ltr'><strong>Aledius</strong></span> <span class='ocrx_word' id='word_1_1089' title='bbox 1516 4932 1580 4989; x_wconf 84' lang='lat' dir='ltr'><strong>verti</strong></span> <span class='ocrx_word' id='word_1_1090' title='bbox 1598 4942 1677 5000; x_wconf 89' lang='lat' dir='ltr'><strong>sunt,</strong></span> <span class='ocrx_word' id='word_1_1091' title='bbox 1694 4949 1744 4988; x_wconf 91' lang='lat' dir='ltr'><strong>nec</strong></span> <span class='ocrx_word' id='word_1_1092' title='bbox 1764 4932 1842 5001; x_wconf 78' lang='lat' dir='ltr'><strong>pleni</strong></span> <span class='ocrx_word' id='word_1_1093' title='bbox 1856 4933 1922 5002; x_wconf 79' lang='lat' dir='ltr'><strong>legi-</strong></span> 
     </span>
     <span class='ocr_line' id='line_1_143' title="bbox 1135 5002 1925 5078; baseline 0.005 -22"><span class='ocrx_word' id='word_1_1094' title='bbox 1135 5002 1223 5070; x_wconf 80' lang='lat' dir='ltr'><strong>tirnae,</strong></span> <span class='ocrx_word' id='word_1_1095' title='bbox 1243 5017 1293 5058; x_wconf 90' lang='lat' dir='ltr'><strong>nec</strong></span> <span class='ocrx_word' id='word_1_1096' title='bbox 1309 5002 1418 5058; x_wconf 81' lang='lat' dir='ltr'><strong>omnino</strong></span> <span class='ocrx_word' id='word_1_1097' title='bbox 1435 5004 1596 5074; x_wconf 78' lang='lat' dir='ltr'><strong>illegitimae,</strong></span> <span class='ocrx_word' id='word_1_1098' title='bbox 1611 5019 1660 5078; x_wconf 89' lang='lat' dir='ltr'><strong>per</strong></span> <span class='ocrx_word' id='word_1_1099' title='bbox 1674 5002 1861 5073; x_wconf 79' lang='lat' dir='ltr'><strong>frigiditatem,</strong></span> <span class='ocrx_word' id='word_1_1100' title='bbox 1878 5019 1925 5074; x_wconf 91' lang='lat' dir='ltr'><strong>per</strong></span> 
     </span>
     <span class='ocr_line' id='line_1_144' title="bbox 1133 5071 1920 5146; baseline 0.001 -18"><span class='ocrx_word' id='word_1_1101' title='bbox 1133 5071 1325 5129; x_wconf 88' lang='lat' dir='ltr'><strong>conditionem.</strong></span> <span class='ocrx_word' id='word_1_1102' title='bbox 1344 5073 1373 5130; x_wconf 89' lang='lat' dir='ltr'><strong>Si</strong></span> <span class='ocrx_word' id='word_1_1103' title='bbox 1395 5073 1466 5129; x_wconf 88' lang='lat' dir='ltr'><strong>euim</strong></span> <span class='ocrx_word' id='word_1_1104' title='bbox 1490 5075 1558 5130; x_wconf 91' lang='lat' dir='ltr'><strong>tales</strong></span> <span class='ocrx_word' id='word_1_1105' title='bbox 1583 5075 1730 5146; x_wconf 85' lang='lat' dir='ltr'><strong>juugrrntur</strong></span> <span class='ocrx_word' id='word_1_1106' title='bbox 1751 5074 1759 5129; x_wconf 90' lang='lat' dir='ltr'><strong>i</strong></span> <span class='ocrx_word' id='word_1_1107' title='bbox 1779 5085 1920 5142; x_wconf 86' lang='lat' dir='ltr'><strong>nerauter,</strong></span> 
     </span>
     <span class='ocr_line' id='line_1_145' title="bbox 1133 5090 1921 5218; baseline 0.001 -19"><span class='ocrx_word' id='word_1_1108' title='bbox 1133 5158 1302 5200; x_wconf 85' lang='lat' dir='ltr'><strong>commanere</strong></span> <span class='ocrx_word' id='word_1_1109' title='bbox 1323 5153 1435 5216; x_wconf 89' lang='lat' dir='ltr'><strong>possunt</strong></span> <span class='ocrx_word' id='word_1_1110' title='bbox 1449 5145 1607 5218; x_wconf 88' lang='lat' dir='ltr'><strong>quibusdam</strong></span> <span class='ocrx_word' id='word_1_1111' title='bbox 1624 5090 1812 5202; x_wconf 61' lang='lat' dir='ltr'><strong>accedentius</strong></span> <span class='ocrx_word' id='word_1_1112' title='bbox 1826 5147 1921 5214; x_wconf 89' lang='lat' dir='ltr'><strong>causis,</strong></span> 
     </span>
     <span class='ocr_line' id='line_1_146' title="bbox 1134 5214 1572 5272; baseline -0.009 0"><span class='ocrx_word' id='word_1_1113' title='bbox 1134 5224 1163 5272; x_wconf 89' lang='lat' dir='ltr'><strong>et</strong></span> <span class='ocrx_word' id='word_1_1114' title='bbox 1172 5214 1267 5272; x_wconf 87' lang='lat' dir='ltr'><strong>iisdem</strong></span> <span class='ocrx_word' id='word_1_1115' title='bbox 1281 5215 1466 5272; x_wconf 85' lang='lat' dir='ltr'><strong>deicientibus</strong></span> <span class='ocrx_word' id='word_1_1116' title='bbox 1480 5215 1572 5271; x_wconf 83' lang='lat' dir='ltr'><strong>dividi.</strong></span> 
     </span>
    </p>

    <p class='ocr_par' dir='ltr' id='par_1_15' title="bbox 1369 5285 1691 5360">
     <span class='ocr_line' id='line_1_147' title="bbox 1369 5285 1691 5360; baseline -0.012 -18"><span class='ocrx_word' id='word_1_1117' title='bbox 1369 5286 1408 5342; x_wconf 83' lang='lat' dir='ltr'><strong>Ile</strong></span> <span class='ocrx_word' id='word_1_1118' title='bbox 1422 5286 1521 5360; x_wconf 66' lang='lat' dir='ltr'><strong>[rigidis</strong></span> <span class='ocrx_word' id='word_1_1119' title='bbox 1532 5285 1691 5358; x_wconf 83' lang='lat' dir='ltr'><strong>reparandis.</strong></span> 
     </span>
    </p>

    <p class='ocr_par' dir='ltr' id='par_1_16' title="bbox 1133 5357 1922 5846">
     <span class='ocr_line' id='line_1_148' title="bbox 1168 5357 1921 5429; baseline 0.004 -17"><span class='ocrx_word' id='word_1_1120' title='bbox 1168 5357 1196 5412; x_wconf 70' lang='grc' dir='ltr'><strong>ι.</strong></span> <span class='ocrx_word' id='word_1_1121' title='bbox 1217 5357 1255 5414; x_wconf 83' lang='grc' dir='ltr'><strong>[ιε</strong></span> <span class='ocrx_word' id='word_1_1122' title='bbox 1269 5359 1312 5414; x_wconf 91' lang='lat' dir='ltr'><strong>bis</strong></span> <span class='ocrx_word' id='word_1_1123' title='bbox 1326 5359 1396 5414; x_wconf 89' lang='lat' dir='ltr'><strong>enim</strong></span> <span class='ocrx_word' id='word_1_1124' title='bbox 1412 5359 1457 5429; x_wconf 88' lang='lat' dir='ltr'><strong>qui</strong></span> <span class='ocrx_word' id='word_1_1125' title='bbox 1470 5359 1550 5414; x_wconf 79' lang='lat' dir='ltr'><strong>causi</strong></span> <span class='ocrx_word' id='word_1_1126' title='bbox 1567 5358 1597 5414; x_wconf 87' lang='lat' dir='ltr'><strong>iri</strong></span> <span class='ocrx_word' id='word_1_1127' title='bbox 1616 5357 1717 5414; x_wconf 89' lang='lat' dir='ltr'><strong>iditatis</strong></span> <span class='ocrx_word' id='word_1_1128' title='bbox 1728 5357 1849 5414; x_wconf 90' lang='lat' dir='ltr'><strong>debitum</strong></span> <span class='ocrx_word' id='word_1_1129' title='bbox 1861 5359 1921 5415; x_wconf 92' lang='lat' dir='ltr'><strong>red-</strong></span> 
     </span>
     <span class='ocr_line' id='line_1_149' title="bbox 1133 5374 1921 5500; baseline 0 -15"><span class='ocrx_word' id='word_1_1130' title='bbox 1133 5428 1198 5486; x_wconf 91' lang='lat' dir='ltr'><strong>dere</strong></span> <span class='ocrx_word' id='word_1_1131' title='bbox 1225 5445 1277 5485; x_wconf 92' lang='lat' dir='ltr'><strong>non</strong></span> <span class='ocrx_word' id='word_1_1132' title='bbox 1303 5438 1430 5499; x_wconf 86' lang='lat' dir='ltr'><strong>possunt,</strong></span> <span class='ocrx_word' id='word_1_1133' title='bbox 1460 5427 1576 5485; x_wconf 85' lang='lat' dir='ltr'><strong>eorrsulit</strong></span> <span class='ocrx_word' id='word_1_1134' title='bbox 1599 5374 1679 5500; x_wconf 46' lang='lat' dir='ltr'><strong>areg.</strong></span> <span class='ocrx_word' id='word_1_1135' title='bbox 1700 5439 1729 5485; x_wconf 91' lang='lat' dir='ltr'><strong>ut</strong></span> <span class='ocrx_word' id='word_1_1136' title='bbox 1754 5439 1921 5500; x_wconf 86' lang='lat' dir='ltr'><strong>permaneant</strong></span> 
     </span>
     <span class='ocr_line' id='line_1_150' title="bbox 1134 5499 1922 5573; baseline 0 -17"><span class='ocrx_word' id='word_1_1137' title='bbox 1134 5501 1190 5572; x_wconf 80' lang='lat'><strong>(53,</strong></span> <span class='ocrx_word' id='word_1_1138' title='bbox 1201 5518 1229 5573; x_wconf 90' lang='lat' dir='ltr'><strong>q.</strong></span> <span class='ocrx_word' id='word_1_1139' title='bbox 1246 5501 1272 5568; x_wconf 89' lang='lat' dir='ltr'><strong>i,</strong></span> <span class='ocrx_word' id='word_1_1140' title='bbox 1285 5516 1344 5571; x_wconf 89' lang='lat' dir='ltr'><strong>cap.</strong></span> <span class='ocrx_word' id='word_1_1141' title='bbox 1357 5500 1432 5568; x_wconf 84' lang='lat' dir='ltr'><strong>Quod</strong></span> <span class='ocrx_word' id='word_1_1142' title='bbox 1442 5509 1527 5556; x_wconf 86' lang='lat' dir='ltr'><strong>autem</strong></span> <span class='ocrx_word' id='word_1_1143' title='bbox 1536 5499 1717 5572; x_wconf 66' lang='lat' dir='ltr'><strong>interrupisti).</strong></span> <span class='ocrx_word' id='word_1_1144' title='bbox 1732 5500 1785 5556; x_wconf 87' lang='lat' dir='ltr'><strong>Sed</strong></span> <span class='ocrx_word' id='word_1_1145' title='bbox 1795 5501 1817 5556; x_wconf 90' lang='lat' dir='ltr'><strong>si</strong></span> <span class='ocrx_word' id='word_1_1146' title='bbox 1832 5501 1922 5558; x_wconf 85' lang='lat' dir='ltr'><strong>mulier</strong></span> 
     </span>
     <span class='ocr_line' id='line_1_151' title="bbox 1134 5571 1919 5642; baseline 0 -14"><span class='ocrx_word' id='word_1_1147' title='bbox 1134 5583 1259 5628; x_wconf 71' lang='lat' dir='ltr'><strong>eausatnr</strong></span> <span class='ocrx_word' id='word_1_1148' title='bbox 1268 5571 1378 5629; x_wconf 89' lang='lat' dir='ltr'><strong>dicens:</strong></span> <span class='ocrx_word' id='word_1_1149' title='bbox 1393 5571 1458 5628; x_wconf 83' lang='lat' dir='ltr'><strong>Volo</strong></span> <span class='ocrx_word' id='word_1_1150' title='bbox 1469 5587 1529 5628; x_wconf 87' lang='lat' dir='ltr'><strong>esse</strong></span> <span class='ocrx_word' id='word_1_1151' title='bbox 1545 5581 1640 5638; x_wconf 89' lang='lat' dir='ltr'><strong>mater,</strong></span> <span class='ocrx_word' id='word_1_1152' title='bbox 1653 5581 1680 5626; x_wconf 91' lang='lat' dir='ltr'><strong>et</strong></span> <span class='ocrx_word' id='word_1_1153' title='bbox 1691 5572 1758 5626; x_wconf 92' lang='lat' dir='ltr'><strong>lilios</strong></span> <span class='ocrx_word' id='word_1_1154' title='bbox 1772 5588 1919 5642; x_wconf 89' lang='lat' dir='ltr'><strong>procreare,</strong></span> 
     </span>
     <span class='ocr_line' id='line_1_152' title="bbox 1134 5643 1921 5716; baseline 0 -18"><span class='ocrx_word' id='word_1_1155' title='bbox 1134 5643 1253 5698; x_wconf 88' lang='lat' dir='ltr'><strong>decrerit</strong></span> <span class='ocrx_word' id='word_1_1156' title='bbox 1263 5653 1292 5698; x_wconf 92' lang='lat' dir='ltr'><strong>ut</strong></span> <span class='ocrx_word' id='word_1_1157' title='bbox 1304 5653 1416 5713; x_wconf 80' lang='lat' dir='ltr'><strong>uterque</strong></span> <span class='ocrx_word' id='word_1_1158' title='bbox 1430 5659 1523 5700; x_wconf 91' lang='lat' dir='ltr'><strong>eorum</strong></span> <span class='ocrx_word' id='word_1_1159' title='bbox 1541 5643 1652 5714; x_wconf 82' lang='lat' dir='ltr'><strong>septimi</strong></span> <span class='ocrx_word' id='word_1_1160' title='bbox 1671 5657 1750 5698; x_wconf 89' lang='lat' dir='ltr'><strong>manu</strong></span> <span class='ocrx_word' id='word_1_1161' title='bbox 1765 5645 1921 5716; x_wconf 77' lang='lat' dir='ltr'><strong>propinquo·</strong></span> 
     </span>
     <span class='ocr_line' id='line_1_153' title="bbox 1134 5713 1919 5787; baseline 0.005 -18"><span class='ocrx_word' id='word_1_1162' title='bbox 1134 5731 1193 5770; x_wconf 89' lang='lat' dir='ltr'><strong>ruru</strong></span> <span class='ocrx_word' id='word_1_1163' title='bbox 1204 5715 1286 5786; x_wconf 85' lang='lat' dir='ltr'><strong>juret,</strong></span> <span class='ocrx_word' id='word_1_1164' title='bbox 1303 5713 1374 5785; x_wconf 76' lang='lat' dir='ltr'><strong>quid</strong></span> <span class='ocrx_word' id='word_1_1165' title='bbox 1394 5714 1529 5787; x_wconf 79' lang='lat' dir='ltr'><strong>nunquim</strong></span> <span class='ocrx_word' id='word_1_1166' title='bbox 1543 5715 1685 5770; x_wconf 86' lang='lat' dir='ltr'><strong>carnaliter</strong></span> <span class='ocrx_word' id='word_1_1167' title='bbox 1699 5715 1880 5780; x_wconf 76' lang='lat' dir='ltr'><strong>conuerterint</strong></span> <span class='ocrx_word' id='word_1_1168' title='bbox 1895 5723 1919 5773; x_wconf 90' lang='lat' dir='ltr'><strong>et</strong></span> 
     </span>
     <span class='ocr_line' id='line_1_154' title="bbox 1135 5784 1916 5846; baseline 0.003 -2"><span class='ocrx_word' id='word_1_1169' title='bbox 1135 5796 1198 5844; x_wconf 91' lang='lat' dir='ltr'><strong>tuae</strong></span> <span class='ocrx_word' id='word_1_1170' title='bbox 1216 5787 1313 5844; x_wconf 90' lang='lat' dir='ltr'><strong>mulier</strong></span> <span class='ocrx_word' id='word_1_1171' title='bbox 1330 5785 1460 5844; x_wconf 59' lang='lat' dir='ltr'><strong>mundas</strong></span> <span class='ocrx_word' id='word_1_1172' title='bbox 1477 5787 1583 5844; x_wconf 87' lang='lat' dir='ltr'><strong>nuntias</strong></span> <span class='ocrx_word' id='word_1_1173' title='bbox 1603 5785 1751 5842; x_wconf 89' lang='lat' dir='ltr'><strong>contrabat.</strong></span> <span class='ocrx_word' id='word_1_1174' title='bbox 1769 5784 1817 5841; x_wconf 78' lang='lat' dir='ltr'><strong>Vir</strong></span> <span class='ocrx_word' id='word_1_1175' title='bbox 1834 5797 1916 5846; x_wconf 78' lang='lat' dir='ltr'><strong>autem</strong></span> 
     </span>
    </p>
   </div>
   <div class='ocr_carea' id='block_1_7' title="bbox 0 0 1993 6324">
    <p class='ocr_par' dir='ltr' id='par_1_17' title="bbox 0 0 1993 6324">
     <span class='ocr_line' id='line_1_155' title="bbox 0 0 1993 6324; baseline 0 0"><span class='ocrx_word' id='word_1_1176' title='bbox 0 0 1993 6324; x_wconf 95' lang='lat' dir='ltr'><strong> </strong></span> 
     </span>
    </p>
   </div>
  </div>
 </body>
</html>
