4020 6352
66 222 151 280 1580

454 221 587 292 onesi.
608 221 687 280 cxi.
708 222 753 278 us
771 183 1150 282 acrioris‘ciinronius
1167 225 1375 285 encirunsi.

64 340 250 416 actiones,
260 341 463 406 slentcetera
474 337 638 408 animalia,
649 339 682 399 in
697 340 888 418 quibusnoil

64 427 158 480 sunt
182 422 251 482 nisi
265 421 350 484 vires
366 421 480 483 anlniae
493 419 656 500 corporcis
674 420 803 511 organis
818 419 889 498 allt-

64 503 164 576 gatae
180 519 190 560 ε
206 515 283 563 nain
295 500 372 562 illud
382 500 466 578 quod
476 499 550 560 iitln
561 497 888 559 istisiulerionbusex

980 337 1053 400 ror.
1066 345 1176 482 fugiet.
1196 337 1232 416 6,
1254 347 1316 405 ari.
1334 337 1371 422 8,
1393 360 1500 428 corp„
1517 355 1545 411 ct
1558 349 1620 412 o'rt.
1638 353 1688 432 io,
1704 362 1732 422 et

1081 465 1087 479 .
1126 427 1207 491 ,arn
1226 419 1291 504 12.)

967 419 1186 578 Ιἳῖἱοξιιὶιιίιιηι
1197 499 1242 562 sic
1253 498 1446 580 proceditur.
1461 501 1491 565 1.
1500 501 1635 570 nisius
1647 503 1733 590 qudd

65 577 308 656 impressione
316 595 488 658 corporum
498 578 684 645 caelestium,
698 577 889 637 naturaliter
941 589 1076 654 corpora
1092 577 1230 640 coelestia
1247 580 1371 658 possint
1391 580 1573 662 imprimere
1593 586 1625 649 iii
1645 589 1732 670 ipsos

64 655 217 736 agilum
232 659 322 720 etita
337 663 528 750 sequeretur
540 655 626 734 quild
644 655 740 715 bomo
754 669 819 715 uon
831 671 888 716 es-

941 654 1110 717 daemones.
1120 655 1284 718 semones
1300 659 1384 719 enlm
1398 659 1573 724 secundum
1586 671 1672 730 certa
1681 682 1735 733 air

64 741 122 796 set
140 737 249 799 libert
263 737 399 809 arbitrii,
414 735 468 799 sed
480 735 613 797 baberet
626 734 767 795 actiones
781 733 888 796 deter-
940 730 1067 812 gmenta
1083 735 1168 796 lunae
1180 735 1306 814 aliquos
1319 735 1464 800 homines
1476 747 1611 818 verant,
1652 747 1686 808 ui
1701 747 1734 811 ct

64 814 250 888 minatae,
271 816 355 877 sicut
370 819 402 876 ct
417 817 539 876 coeoerc
553 829 605 875 res
620 813 800 887 naturalem
815 824 888 890 quai

65 891 888 968 manifestosuntlalsa,etconrersatlonihumano

65 974 268 1035 conti-aria.

112 1050 303 1113 Sciendum
322 1052 371 1113 est
392 1048 499 1112 tdiuen
515 1047 602 1130 qudd
616 1043 767 1110 indirecta
781 1049 812 1108 et
829 1063 888 1126 per
936 1045 1045 1128 jacent
1058 1049 1236 1111 actionibus
1246 1049 1418 1112 coelrstium
1428 1069 1611 1193 corporum.

66 1129 240 1191 accidens
250 1129 476 1210 impressiones
484 1139 654 1208 corporum
662 1126 837 1188 coelestium
847 1126 887 1188 ad
978 1125 1008 1186 il.
1030 1127 1201 1199 Praeterea,
1220 1131 1447 1195 necromantici
1465 1147 1484 1192 o

66 1205 290 1271 intellectum
309 1210 342 1271 et
356 1209 554 1271 voluntatem
569 1205 729 1284 pertinere
739 1209 885 1284 possunt,

938 817 1070 950 propter
1084 813 1145 876 boc
1160 813 1292 876 tamisi
1301 815 1461 892 dicuntur,
1473 821 1605 914 utpatct
1651 827 1731 920 attii.

975 893 1005 950 et
1023 891 1072 951 17.
1088 887 1146 953 Sed
1166 891 1226 954 boc
1247 909 1311 953 non
1335 901 1437 968 essct,
1459 910 1522 959 nisi
1544 907 1731 982 corporibus
1755 965 1760 986 ,

940 969 1121 1032 celestibus
1140 971 1353 1052 subjacerent.
1369 971 1454 1053 Ergo
1471 974 1629 1043 demones
1647 985 1733 1046 sub-
1756 1013 1759 1024 =

1725 1149 1729 1159 ι
1748 1138 1754 1166 l

938 1207 988 1266 tas
1010 1207 1269 1268 constellationes
1289 1207 1328 1269 ad
1350 1143 1729 1281 invocandoesrilffioliecrs.

68 1284 106 1346 in
128 1293 302 1363 quantum
314 1287 435 1350 seilicet
449 1289 515 1348 taui
529 1279 709 1346 intellectus
722 1283 820 1362 quain
830 1301 887 1345 ro-
939 1281 1009 1344 Non
1019 1289 1191 1364 autempcr
1201 1302 1335 1364 corpora
1343 1288 1481 1351 coelestia
1491 1289 1730 1374 invocarentur,

65 1363 201 1428 luntas
224 1367 334 1444 aliquo
356 1365 450 1426 modo
471 1366 513 1425 ab
533 1363 736 1425 interioribus
762 1363 885 1424 viribus
939 1361 966 1423 sl
982 1375 1047 1422 non
1069 1363 1114 1424 eis
1129 1363 1341 1443 subjacerent.
1356 1363 1441 1448 Ergo
1452 1367 1612 1434 drenioncs
1627 1377 1732 1457 subla·

69 1444 266 1523 acciplunt,
285 1457 356 1523 que
373 1443 503 1526 organis

603 1442 686 1502 oreis
700 1441 883 1520 alligantur.

939 1447 1011 1500 cent
1022 1441 1201 1504 actionibus
1217 1443 1391 1504 ooelestium
1408 1461 1590 1524 corporum.

69 1521 140 1584 Sed
155 1519 575 1586 cireabocditersimoddse
604 1520 885 1582 abentintelleotus
977 1519 1008 1579 d.
1030 1521 1201 1594 Praeterea,
1226 1537 1361 1614 corpora
1381 1523 1521 1588 coelestia
1535 1527 1730 1597 virtuosiora

70 1605 107 1662 ct
137 1603 309 1664 voluutas.
333 1599 414 1663 Nam
433 1601 615 1662 intellectus
633 1615 672 1660 ex
697 1599 886 1662 necessitate
938 1601 1014 1658 sunt
1026 1596 1124 1676 quain
1135 1615 1270 1678 corpora
1281 1597 1444 1664 inferiora.
1460 1602 1519 1665 Sed
1537 1608 1730 1686 quibusdam

71 1679 208 1760 accipit
222 1681 263 1742 ab
275 1679 481 1742 interioribus
494 1679 616 1774 viribus
630 1676 883 1816 apfmbensivin

73 1760 178 1820 unde
193 1755 323 1822 turbata
341 1759 373 1822 ri
393 1755 613 1839 imaginatird,
633 1773 671 1818 ve

937 1675 1141 1738 interioribus
1169 1679 1357 1757 corporibus
1384 1680 1542 1746 demones
1567 1695 1729 1768 arcentur,

701 1755 884 1836 cogitativa,
938 1755 1058 1817 scilicet
1072 1756 1192 1829 herbis,
1210 1761 1241 1818 et
1258 1757 1433 1838 lapidibus,
1449 1763 1480 1822 et
1498 1765 1729 1846 animantibus,

73 1838 132 1898 vel
149 1837 376 1912 memorativa,
388 1853 429 1898 ex
444 1837 633 1900 necessitate
644 1837 792 1897 turbatur
802 1835 885 1897 actio
937 1837 968 1894 et
982 1834 1173 1911 quibusdam
1183 1837 1270 1898 son-is
1286 1838 1392 1911 certis,
1402 1855 1440 1900 ac
1451 1843 1596 1918 vocibus,
1609 1850 1640 1907 et
1650 1845 1730 1930 tigu-

75 1915 290 1989 intellectds3
311 1917 366 1978 sed
384 1917 532 1979 voluntas
549 1931 612 1978 non
635 1931 676 1977 ex
697 1913 886 1975 necessitato
936 1913 1128 1988 rationibus,
1146 1917 1241 1992 atque
1257 1915 1433 1996 tigmentis3
1456 1917 1530 1983 utd
1553 1923 1614 1983 Por
1637 1925 1656 1986 b

74 1997 245 2088 sequitur·
263 1991 504 2088 inclinationem
528 1991 688 2072 appetitos
709 1991 884 2132 interiorisli

75 2071 885 2292 l:ababliusillutiblrllll‘lrlli

76 2233 235 2296 inclinari
257 2249 308 2294 ain
324 2233 539 2300 voluntatem3
555 2229 710 2290 tamenin
730 2232 894 2306 potestate.

78 2311 267 2374 voluntatis
287 2312 431 2371 remanet
448 2305 542 2386 sequi
558 2306 742 2386 passiones,
765 2307 814 2368 vel
830 2321 884 2369 eus

78 2389 242 2452 refutare.
257 2391 295 2451 ut
309 2389 379 2450 ideo
391 2385 563 2467 impressio
579 2385 754 2448 celestium
769 2401 886 2464 corpo-

80 2487 174 2541 rum,
188 2467 365 2532 secunddm
378 2482 475 2546 quam
485 2464 649 2528 immutari
662 2471 794 2542 possunt
806 2464 886 2526 inle-

79 2549 192 2610 rioi'es
216 2549 311 2621 siros,
328 2545 432 2609 minus
451 2542 605 2626 pertingit
619 2543 658 2604 ad
676 2546 883 2618 voluntatem,

80 2643 161 2705 quis
175 2629 224 2689 est
259 2627 385 2688 roxima
395 2639 493 2690 causa
507 2623 727 2686 bumanorum
742 2627 883 2695 actuum,

81 2704 188 2784 quam
206 2721 226 2769 a
263 2706 470 2768 intellectum.
483 2705 607 2767 Ponere
626 2701 726 2784 igitur
746 2701 886 2763 cielcstia

81 2798 227 2864 corpora
237 2803 308 2848 esse
318 2799 449 2846 causam
459 2783 677 2846 humanorum
687 2784 828 2854 actuum,
838 2783 886 2842 est

108 2864 259 2942 roprium
270 2864 400 2925 illorum
413 2863 469 2942 qui
479 2862 599 2936 dicunt,
610 2861 806 2924 intellectum
819 2876 885 2920 noii

82 2883 217 3006 sillerre
238 2941 258 3006 a
278 2959 389 3004 sensu.
411 2941 499 3004 Unde
515 2941 647 3018 quidam
668 2955 781 3001 eorum
794 2937 886 2999 dice-

83 3017 887 3100 buntquddtdlsesteotuntasi'itluminibusque-

84 3099 147 3161 lem
156 3101 193 3161 i'n
203 3101 284 3162 dien
294 3099 416 3162 inducit
423 3106 517 3180 pater
535 3098 677 3160 virorum
689 3097 883 3178 deorumque.

127 3179 213 3254 Quia
224 3195 301 3259 crgo
316 3181 444 3241 constat
459 3177 655 3238 intellectum
676 3181 706 3236 et
729 3176 886 3238 volunta-

84 3261 153 3319 tem
168 3275 233 3320 nou
244 3273 315 3320 esse
332 3257 421 3320 actus
433 3271 630 3336 organorum
644 3269 681 3316 co
722 3271 883 3328 oscorum,

85 3338 289 3477 impondbile
313 3341 362 3399 est
388 3333 635 3474 iffiuMiucrstpm
655 3350 701 3394 ue
715 3334 795 3396 ostia
823 3333 887 3394 sint

453 3431 470 3474 c
565 3455 573 3472 .

86 3429 423 3573 calsalapril'lililimuillioerrlgo
434 3431 611 3554 ff{licendum
629 3489 715 3569 qudd
736 3490 886 3569 spiritua-

85 3575 136 3636 les
152 3573 428 3650 seruandaeque
444 3571 585 3634 celestia
597 3586 635 3631 co
676 3585 734 3631 ora
744 3575 884 3642 movent,

86 3655 123 3793 {¹¹
139 3647 888 3794 ,⁰³sz*tlslttllllilllllltit'

101 3751 162 3795 esi
186 3747 274 3793 usco
335 3749 362 3791 ri
434 3749 443 3802 ς
872 3759 887 3775 -

90 3817 170 3872 nunt
194 3747 496 3890 agunwmmediate
516 3806 743 3879 illuminantior
763 3807 888 3869 volun-

90 3894 191 3952 tatem
203 3895 311 3952 autem
324 3889 495 3949 immutare
503 3903 569 3948 riou
579 3887 726 3964 possunt,
740 3889 888 3966 utsupra

90 3969 239 4031 habitum
254 3971 313 4038 est,
332 3983 388 4045 qu.
403 3967 472 4038 111,
484 3967 545 4027 art.
559 3964 590 4024 1.

131 4046 368 4111 sesecundum
383 4043 551 4106 dicendum
569 4041 667 4120 quod,
683 4041 765 4104 sicut
780 4041 888 4103 miiiti-

91 4125 238 4189 formitas
253 4123 470 4203 corporalium
484 4123 628 4182 motuum
642 4120 816 4196 reducitur,
832 4123 889 4184 sio·

90 4209 128 4266 ut
152 4205 186 4268 in
204 4219 347 4278 causam,
360 4202 393 4263 in
404 4199 654 4262 uniformitatem
666 4204 811 4262 motuum
826 4217 889 4262 coe·

90 4283 239 4355 lestlum3
263 4284 308 4346 ita
330 4279 567 4342 multilormitas
587 4282 717 4342 acinum
736 4278 792 4358 qui
812 4283 889 4341 sunt

91 4367 133 4424 ab
149 4362 311 4424 intellectu
324 4366 356 4423 et
372 4361 554 4432 voluntate,
569 4357 733 4420 reducitur
750 4357 784 4418 iii
799 4359 889 4436 priu-

90 4440 402 4582 fipigmduiiilorme,
426 4438 513 4517 quod
524 4442 574 4501 est
592 4435 771 4500 intellectus
788 4443 819 4500 et
832 4451 889 4503 io-

104 4539 149 4583 un
185 4537 200 4581 s
237 4535 336 4582 iviua.

134 4600 181 4660 ild
188 4599 320 4662 tertium
327 4591 588 4674 dicendumqudd
597 4595 705 4674 plures
720 4593 887 4656 homiuum

93 4682 277 4756 sequuntur
313 4675 476 4748 essiones,
489 4689 562 4754 que
575 4677 652 4734 sunt
668 4677 772 4735 motus
787 4673 889 4736 sensi-

93 4759 151 4819 tivi
167 4693 338 4836 appetisse,
349 4754 389 4818 ad
401 4770 483 4833 quas
498 4752 664 4830 cooperari
675 4755 812 4890 possunt
823 4769 891 4814 coii-

94 4853 176 4915 pora
190 4836 345 4908 celestia,
368 4832 463 4912 pauci
482 4837 590 4893 antem
612 4845 673 4892 sun
710 4832 886 4908 sapientes,

95 4915 151 4994 qui
169 4913 352 4994 hujusmodi
367 4911 572 4992 passionibus
587 4909 749 4971 resistant.
764 4909 804 4969 Et
815 4909 888 4970 ided

95 4994 250 5074 astrologi
276 4998 312 5055 ut
326 4989 359 5054 ili
371 4991 517 5130 {iuribus
532 5005 609 5052 iera
620 4989 755 5067 possunt
771 4987 890 5080 predi-

96 5089 180 5143 cere,
203 5081 235 5135 et
249 5071 372 5134 maxim
406 5070 439 5130 iii
453 5066 627 5138 communi,
643 5082 708 5130 non
726 5073 833 5128 autem
854 5083 889 5128 iu

97 5144 889 5292 5111111111Ρζῗῑῖἒζῖἒέἳξῒῗὲῑὲἱῖῗ

120 5248 155 5291 cr
182 5249 191 5290 i
216 5247 307 5292 eruni
341 5247 432 5288 riri
834 5273 838 5284 ,
880 5268 887 5284 .

97 5249 185 5371 {little
200 5314 231 5370 et
244 5309 305 5386 ipsi
316 5305 468 5384 astrologi
479 5243 588 5365 itilcunt
601 5303 686 5381 qued
700 5303 823 5382 sopiens
835 5303 890 5364 lio-

98 5407 145 5448 nio
165 5389 346 5449 closilsarur
362 5397 418 5446 usti
430 5387 464 5452 is,
485 5384 517 5443 iii
533 5390 688 5461 quantum
699 5383 820 5444 scilicet
835 5383 891 5442 do-

98 5469 239 5530 minatur
252 5467 318 5529 suis
333 5466 548 5544 passionibus.

99 5547 279 5610 arrienos
300 5565 330 5608 v.
343 5544 498 5606 -b'trilrir
516 5559 650 5620 corpora
665 5541 798 5603 colestia
808 5559 891 5620 pos-

139 5627 203 5686 si'iil
219 5626 392 5706 inimiciora
408 5625 441 5684 iit
456 5625 539 5700 ipsos
555 5623 713 5680 illicitanae.
726 5621 802 5692 -3‚
815 5622 889 5681 illst.

139 5705 169 5782 7,
187 5719 290 5788 petest.
312 5707 341 5782 3,
365 5711 425 5765 uit.
445 5704 473 5779 l,
492 5701 531 5764 od
546 5700 575 5776 b,
592 5709 619 5761 et
637 5709 696 5762 ort.
714 5700 743 5779 2,
762 5701 801 5764 od
816 5703 845 5778 u,
863 5709 890 5763 ct

936 1988 1055 2084 dicium
1075 1993 1272 2072 Augustinus
1296 1993 1468 2058 introducit
1489 1997 1522 2060 ln
1546 1997 1585 2060 io
1623 1941 1731 2069 effu?

935 2068 1012 2140 Dei,
1041 2085 1111 2149 cap.
1133 2070 1181 2131 11.
1203 2073 1288 2154 Ergo
1316 2073 1416 2136 multo
1444 2077 1545 2160 magis
1569 2077 1729 2148 demones

937 2150 1117 2210 subduntur
1128 2151 1244 2211 actioni
1258 2152 1431 2215 celestium
1447 2171 1628 2236 corporum.

976 2227 1036 2288 Sed
1051 2232 1162 2290 contra
1186 2234 1235 2291 cst
1257 2230 1341 2308 qubd
1361 2231 1519 2296 daemones
1535 2242 1611 2298 sunt
1625 2253 1728 2321 snpe-

936 2307 1039 2368 rlores
1054 2305 1166 2368 ordine
1178 2314 1302 2369 naturis
1318 2307 1413 2388 quam
1425 2327 1559 2392 corpora
1577 2319 1727 2384 coelestr'a.

937 2387 1730 2478 Agensautemcstsnperiuspatiente,utllugustl-

937 2481 997 2526 nus
1022 2463 1097 2525 dicit
1120 2464 1159 2526 12
1179 2481 1276 2543 super
1295 2466 1374 2528 Gen.
1396 2468 1435 2530 ad
1456 2471 1538 2546 litt,
1560 2489 1618 2553 cap
1638 2475 1675 2536 16
1695 2479 1729 2540 iu

936 2543 1018 2604 med.
1036 2543 1121 2622 Ergo
1143 2545 1302 2605 daemones
1315 2563 1380 2606 non
1397 2549 1613 2632 subjiciuntur
1630 2553 1730 2617 actio·

937 2623 970 2684 ui
986 2637 1157 2700 corporum
1169 2623 1355 2684 eoebstium.
1482 2655 1486 2660 ·

978 2699 1166 2794 Respondeo
1182 2701 1350 2763 dicendum
1367 2703 1454 2780 qudd
1471 2705 1555 2770 circa
1569 2679 1745 2776 demones·

928 2779 997 2842 *luit
1015 2780 1133 2858 triplex
1158 2779 1278 2858 opinio.
1300 2780 1405 2844 Prima
1428 2784 1727 2866 Peripateticorum,

937 2853 1730 3012 lliltlitrllaallt}llaltlrsltl‘lr

937 3012 1180 3090 oromauticam,
1203 3017 1271 3078 lieri
1284 3017 1402 3080 virtute
1416 3021 1591 3086 coelestium
1608 3043 1730 3106 corpo-

936 3114 1020 3238 ill·
1030 3097 1525 3253 trististristis
1538 3103 1748 3247 illitis

938 3219 1023 3334 quod
1043 3217 1241 3335 [cumcontra
1258 3256 1293 3317 iit
1310 3257 1395 3317 terrd
1414 3254 1452 3318 ab
1470 3257 1589 3324 bomini
1631 3203 1730 3345 typo:

939 3342 1060 3396 testatos
1077 3333 1195 3396 idoneor
1208 3333 1344 3395 siderum
1357 3336 1455 3398 coriis
1475 3337 1634 3420 effectibus
1653 3361 1731 3404 ece-
1794 3343 1805 3356 “

937 3411 1077 3552 {mli
1100 3411 1160 3476 Sed
1177 3412 1245 3506 lime
1263 3413 1381 3506 positio
1395 3418 1443 3476 est
1454 3417 1621 3484 mauiiestt
1637 3419 1728 3484 laisa.

938 3495 1732 3650 irisiassiuriilrsslrsstuiis

938 3647 1731 3735 porumsufficeret3putaquddarreptitiiloquun-

939 3733 993 3790 tur
1010 3725 1121 3807 lingua
1137 3726 1264 3809 ignotd;
1286 3729 1372 3808 quod
1389 3731 1526 3794 recitant
1546 3751 1679 3812 versus,
1699 3741 1733 3801 et

939 3808 1157 3879 auctoritates,
1195 3823 1255 3870 uas
1270 3807 1438 3887 nunquam
1454 3811 1630 3889 sciverunt,
1646 3816 1732 3896 quod

939 3885 1168 3980 necromantici
1213 3887 1726 3971 ciuutstatuesluqui,etmoierl,

940 3965 1160 4121 afflililaibus
1173 4043 1327 4106 Platonici
1339 4045 1417 4108 moti
1430 4045 1560 4110 morunt
1573 4054 1611 4111 ut
1624 4067 1733 4130 pone-

939 4126 1012 4183 rent
1032 4123 1191 4184 demones
1212 4141 1283 4185 esse
1305 4123 1456 4187 animulis
1476 4143 1606 4206 corpore
1626 4147 1731 4203 amca,

939 4201 1185 4294 antespastus,
1202 4203 1238 4262 nt
1248 4203 1289 4264 ab
1301 4203 1437 4297 ilpuleio
1449 4203 1567 4272 dictum
1577 4210 1734 4290 Augusti-

938 4277 1733 4438 atiutulssrlt.itlilrasilutiti

939 4437 1001 4499 dici
1016 4437 1227 4530 possetuqudd
1243 4436 1401 4530 daemones
1410 4405 1477 4502 ’boc
1489 4443 1583 4505 modo
1592 4386 1734 4510 sugduu-

940 4521 994 4580 tur
1011 4517 1199 4608 corporibus
1215 4517 1413 4594 celestibus,
1433 4519 1517 4583 sicut
1528 4523 1609 4585 etde
1621 4523 1734 4587 homi-

941 4596 1037 4658 uibus
1047 4595 1167 4689 dictum
1178 4599 1227 4658 est
1237 4601 1298 4658 art.
1308 4614 1403 4675 prce.
1415 4597 1474 4660 Sed
1486 4599 1553 4663 bec
1562 4603 1683 4681 opinio,
1697 4610 1734 4668 ut

941 4677 1216 4816 “lllffllllll
1231 4676 1736 4825 lassiaisseras

940 4833 1046 4894 tellect
1062 4910 1069 4928 ἱ
1151 4797 1339 4910 corporibus
1354 4851 1420 4897 uon
1434 4837 1554 4930 unitas.
1567 4837 1654 4902 Unde
1669 4855 1735 4934 pa-

941 4913 985 4972 tet
1011 4924 1076 4988 que
1168 4928 1189 4970 ii
1212 4911 1395 4975 subduntur
1420 4919 1537 4976 actioni
1558 4917 1734 4983 celestium

942 5004 1112 5067 corporum
1127 5007 1187 5050 nec
1193 5005 1258 5128 ¹per
1271 5007 1323 5065 se,
1343 5007 1403 5054 uec
1414 5009 1471 5072 per
1486 4995 1653 5073 accidens,
1674 5014 1734 5062 uec

941 5065 1070 5140 directe,
1083 5085 1142 5130 nec
1158 5068 1190 5127 in
1213 5067 1321 5130 irectd.

981 5147 1029 5207 Ad
1043 5147 1182 5225 primum
1194 5164 1271 5244 ergo
1285 5148 1452 5210 dicendum
1466 5151 1552 5230 quod
1565 5153 1627 5216 lico
1648 5153 1733 5233 quiid

942 5227 1101 5288 daemones
1119 5228 1293 5288 secundum
1304 5232 1391 5290 certa
1400 5235 1572 5310 augmenta
1583 5234 1669 5296 lunia
1676 5235 1735 5298 lio·

943 5306 1045 5366 niincs
1060 5310 1194 5380 vexant,
1211 5307 1366 5386 contingit
1386 5312 1517 5387 propter
1534 5310 1609 5373 duo.
1627 5312 1735 5376 Primo

943 5384 1072 5462 quidem
1086 5385 1124 5446 ad
1139 5385 1199 5447 lioc
1210 5387 1294 5463 quod
1309 5385 1463 5448 infament
1474 5395 1653 5452 creaturam
1664 5393 1734 5462 Dei,
1803 5435 1807 5442 -

945 5464 1064 5524 scilicet
1090 5465 1217 5536 luiiiiin,
1245 5471 1280 5524 ut
1304 5466 1540 5546 Hieronymus,
1565 5470 1598 5530 iii
1623 5472 1736 5547 ragele

944 5543 1070 5617 illailla,
1088 5545 1119 5602 iii
1139 5547 1205 5609 liii..
1220 5549 1249 5603 ct
1263 5545 1519 5622 tilirysostonius,
1542 5549 1627 5610 hom.
1644 5549 1684 5610 58
1698 5551 1734 5612 in

945 5622 1069 5696 bistili,
1089 5641 1157 5698 rip.
1181 5624 1229 5692 i'i',
1252 5623 1370 5682 dicunt.
1393 5625 1538 5688 Secundi)
1561 5628 1638 5704 quia
1662 5627 1736 5690 culm

946 5719 1010 5766 uoii
1026 5703 1149 5782 possint
1165 5703 1291 5780 operari
1310 5705 1370 5766 iiisi
1383 5707 1592 5778 inediautiitus
1604 5711 1738 5776 natura·
