4020 6352
9 2945 10 2948 ’
107 2929 319 3010 quoiusque
335 2926 376 2988 ad

81 367 177 436 1235
269 377 271 382 '
461 361 592 434 QUAEST.
612 357 666 416 cll.
683 353 727 414 itu
746 351 834 411 LOCO
853 351 1000 422 nonina,
1019 350 1077 420 olli
1097 351 1159 411 EST
1179 351 1379 412 nisibistts.
1677 363 1744 426 im
1822 431 1826 436 Ι

78 483 257 570 paradiso
272 475 428 562 permotio
444 473 604 538 sententio
619 492 629 534 .·
643 489 709 532 uiro
729 483 834 528 corum
863 545 870 558 ⁶
889 465 902 527 ι’
956 469 1002 558 cst
1019 465 1164 544 quiedam
1180 467 1356 531 materialis
1372 469 1480 546 arbor,
1494 465 1540 534 sic
1554 471 1650 552 diota,
1667 480 1745 558 quiri

83 562 323 626 tantummodo
343 556 552 639 corporaliter
571 550 753 632 paradisum
767 546 842 608 iiitet
857 545 903 624 ιρι·
955 561 1024 623 eius
1052 542 1173 606 tructus
1200 544 1340 608 habe-bat
1363 549 1511 610 virtutem
1533 557 1744 621 conservandi

86 645 243 710 toletan
260 641 325 703 otio
345 655 449 700 corum
466 635 522 716 qiii
537 627 748 717 spiritualiter
762 623 902 716 tantumn:
956 624 1064 696 vitam,
1079 627 1225 702 utsupra
1237 624 1356 686 dictum
1374 631 1433 696 est,
1448 631 1743 708 quiesceremus,

86 705 902 798 tertiaeorumquiutroquimoitoporodiciimocci-
955 706 987 762 ot
1010 705 1119 763 tamen
1140 702 1261 780 aliquid
1285 705 1486 784 significabat
1512 710 1743 788 spiritualiter·

86 803 132 883 pi
137 809 325 880 antequem
335 796 411 858 milii
425 796 527 876 fateor
535 789 660 870 placere
676 791 881 874 seutentiam..
956 781 1038 842 sicut
1054 784 1193 858 cipetra
1214 781 1247 842 iii
1268 783 1393 845 deserto
1415 781 1474 846 luit
1493 787 1615 866 aliquid
1636 759 1744 856 mate-⁹

143 877 340 958 Respondeo
352 871 520 936 dicendum
534 867 631 948 quiid,
648 866 731 926 sicut
748 863 903 941 Augusti·
955 859 1052 930 riute,
1067 863 1098 920 et
1110 864 1215 921 tamen
1229 861 1419 941 significavit
1432 864 1604 928 Christum.
1619 870 1745 932 simili-

86 979 169 1022 nus
187 959 276 1030 dicit,
301 956 340 1016 la
359 955 398 1016 de
419 953 487 1016 Cir.
509 949 580 1018 Dei,
602 961 672 1023 cap.
695 943 746 1035 lli,
775 941 809 1001 in
831 939 899 1031 ⁰³2³
956 944 1003 1030 ter
1018 937 1248 1030 etiamlignum
1263 941 1404 1004 scientiar
1418 944 1539 1006 boniet
1553 949 1630 1010 mali
1645 955 1745 1013 mate·

86 1057 175 1120 qiioe
191 1033 347 1101 commodi
356 1033 421 1094 dici
428 1033 564 1112 possunt
574 1025 612 1088 dc
621 1017 825 1102 iuteltipeiido
838 1035 903 1097 ept-
955 1019 1044 1080 rialis
1057 1017 1155 1080 arbor
1170 1017 1239 1090 init,
1258 1019 1303 1082 sic
1317 1021 1480 1084 nominata
1494 1030 1625 1104 propter
1638 1047 1744 1092 even-

87 1117 271 1181 rititotiler
281 1111 445 1194 paradiso.
460 1107 581 1170 nemine
591 1101 775 1198 probibente
789 1097 903 1190 dican-
956 1099 1023 1157 tum
1038 1094 1200 1188 futurum:
1218 1099 1294 1174 quia
1308 1103 1380 1177 post
1396 1099 1465 1178 ejus
1476 1120 1566 1163 esum
1579 1105 1675 1168 bomo
1687 1125 1746 1187 per

91 1207 182 1264 tur:
202 1195 278 1257 dum
299 1199 398 1253 lameri
417 1196 445 1250 ct
459 1188 549 1250 iliius
565 1184 705 1246 historic
725 1175 903 1261 fidelissima
956 1179 1211 1268 experimentum
1231 1194 1331 1254 piena
1348 1177 1456 1240 didicit
1471 1182 1547 1258 quid
1575 1185 1744 1248 interesset

90 1276 351 1338 enitescerent
370 1277 525 1350 pectorum
544 1261 729 1332 comotione
748 1273 903 1318 commere-
957 1259 1040 1314 inter
1053 1253 1240 1316 obedientice
1254 1255 1383 1328 bonum,
1396 1261 1428 1318 et
1441 1259 1662 1326 inobedientiis
1677 1281 1745 1328 ma·

90 1356 184 1416 clato
199 1351 357 1415 credatur.
380 1349 426 1410 Ea
447 1347 533 1410 enim
552 1357 626 1422 qum
643 1340 681 1400 de
698 1334 847 1416 paradiso
868 1335 901 1394 in
955 1332 1040 1424 lum3
1054 1337 1086 1392 et
1099 1335 1204 1399 tamon
1219 1331 1430 1412 spiritualiter
1445 1340 1549 1415 potuit
1562 1339 1744 1421 significare

90 1430 278 1512 Scriptura
292 1429 459 1500 dicuntur,
480 1441 539 1504 per
557 1419 686 1483 modum
707 1413 901 1477 narrationis
954 1411 1091 1472 liberum
1106 1411 1287 1485 arbitrium,
1309 1417 1346 1474 ut
1359 1414 1490 1492 quidam
1503 1417 1624 1481 dicunt.
1703 1461 1709 1472 .

92 1511 274 1604 historicae
297 1508 535 1601 proponuntur.
559 1502 597 1562 iii
623 1497 771 1558 omnibus
794 1496 902 1554 autom
994 1489 1666 1586 Adquintumdicendumqubd3secunilbm
1678 1502 1744 1562 Au.

92 1609 249 1732 emm
259 1583 546 1735 {reiterant
555 1572 903 1733 tristiacensi
954 1566 1744 1732 ιιιίιι1ι“ιιιιιιι1ιιιιιιιιιι

94 1751 153 1810 les
171 1746 403 1826 expositiones
413 1737 614 1804 fabricandis.
635 1734 691 1795 Est
709 1746 786 1810 ergo
803 1743 903 1807 para·
955 1726 1089 1818 inuactu,
1103 1725 1157 1788 sed
1173 1725 1349 1788 secundnm
1364 1729 1519 1806 quasdam
1536 1735 1678 1796 rationes
1690 1753 1745 1798 se-

95 1829 212 1899 disus,
229 1833 264 1887 ut
278 1824 417 1886 Isidorus
435 1819 510 1881 dicit
527 1817 559 1877 iii
578 1815 635 1875 lib.
652 1811 690 1874 lt
704 1808 901 1946 litymoiog„
955 1805 1108 1878 minales3
1130 1804 1186 1866 sed
1201 1809 1272 1883 post
1285 1821 1384 1884 opera
1398 1823 1457 1868 sex
1474 1809 1599 1872 dierum
1618 1815 1745 1892 produ·-

97 1924 182 1986 cap.
198 1905 240 1978 3,
255 1905 289 1966 in
304 1901 425 1983 princ,
441 1899 527 1960 iocus
543 1896 578 1958 iii
599 1891 738 1954 Oricum
755 1899 842 1967 porti
866 1904 902 1946 iis
955 1891 1012 1945 cire
1024 1887 1099 1944 sunt
1113 1883 1228 1960 plantis
1242 1888 1307 1946 tom
1325 1885 1484 1964 paradisi,
1508 1887 1607 1966 quam
1623 1893 1696 1954 aliie
1710 1895 1743 1954 in
1812 1869 1825 1893 ⁸

98 1985 320 2050 constitutos,
337 1981 426 2060 cujus
442 1971 657 2038 vocobulumd
678 1984 777 2048 proco
801 1965 835 2026 iii
856 1964 902 2026 io·
955 1965 1041 2054 actu.
1064 1960 1244 2022 Secundbm
1270 1963 1351 2025 aiios
1374 1963 1452 2027 verb
1472 1973 1599 2030 sanctos
1619 1976 1745 2048 oportet

99 2066 215 2126 tinum
228 2059 378 2131 vertitur,
395 2057 531 2118 Hortus.
546 2049 779 2114 convenienter
793 2047 902 2106 autem
954 2040 1058 2102 dicere
1075 2040 1161 2132 quiid
1176 2057 1287 2104 omnes
1316 2043 1433 2133 plantio
1448 2045 1609 2122 producta
1622 2055 1698 2110 sunt
1711 2052 1744 2112 in

99 2144 141 2282 a
161 2144 255 2279 Μι
269 2137 418 2278 ιιιΜ
432 2122 903 2274 litterariorum.
954 2119 1227 2260 attritae
1240 2121 1493 2262 ‘literar
1514 2125 1666 2202 Μ
1685 2129 1745 2190 Μ

101 2234 375 2364 ,ιίιῖιιῐιιοιειεειίῗιιιιιι.ι
378 2233 461 2355 'mlii
472 2297 578 2353 autem
591 2286 705 2377 Oriens
719 2283 760 2343 sit
770 2280 902 2341 dextera
954 2216 1014 2338 liei
1037 2281 1110 2369 post
1132 2217 1311 2368 operapsex
1333 2219 1746 2362 aierussnfflilisslilnlufraffi}

63 2381 71 2390 '
102 2367 653 2456 eoeli,ntpatctpeeriiosoplium
667 2379 699 2422 ιιι
713 2361 733 2420 2
747 2359 785 2420 de
801 2358 900 2430 Coeio,
954 2355 1254 2434 recapitulationem
1277 2374 1349 2418 esse
1373 2356 1504 2420 dictum.
1527 2359 1574 2421 lin
1597 2380 1615 2424 e
1639 2362 1746 2428 littera

104 2462 193 2520 text.
209 2455 258 2530 lo,
273 2456 405 2517 dextera
415 2454 523 2513 autem
536 2452 583 2508 est
596 2441 736 2505 nobilior
747 2435 847 2516 quim
859 2437 903 2497 si·
954 2439 1064 2496 nostra
1077 2435 1173 2495 babet
1186 2454 1194 2494 ι
1206 2434 1411 2497 Picatocerot
1425 2438 1578 2500 Dominus
1593 2440 1676 2502 Desii
1685 2459 1747 2522 pii-

105 2540 235 2608 nistra3
251 2525 446 2596 conveniens
460 2527 522 2588 luit
540 2529 576 2585 ut
595 2523 628 2585 in
647 2517 796 2582 orientali
810 2520 902 2596 parte
954 2513 1094 2600 codicum
1108 2512 1280 2594 voluptatis
1294 2513 1313 2574 i
1325 2515 1501 2595 principio.

105 2615 283 2697 paradisus
297 2617 443 2673 terrenus
460 2605 679 2666 institueretur
692 2597 711 2660 a
725 2598 801 2657 Deo.
955 2591 1135 2653 Anmcoius
1149 2607 1184 2652 ιι.
1199 2621 1237 2636 --
1253 2590 1378 2672 (Utrum
1387 2594 1558 2672 paradisos
1575 2598 1673 2678 suerit
1690 2599 1746 2661 lo·
1811 2637 1815 2644 -

153 2693 202 2757 Ad
215 2693 354 2772 primam
367 2705 443 2768 ergo
456 2681 624 2746 dicendum
635 2677 718 2773 quod
731 2675 822 2736 Beda.
831 2689 903 2736 rcr—
994 2689 1048 2762 cus
1066 2669 1252 2733 convenicae
1270 2669 1460 2734 habitationi
1475 2671 1625 2736 bomem.
1640 2711 1677 2722 -
1691 2677 1745 2758 (2,

106 2769 191 2836 bum
206 2789 272 2833 non
286 2774 471 2838 miserum,
484 2763 511 2825 si
526 2757 702 2823 seeundum
717 2755 814 2817 situm
830 2769 903 2814 ma·
994 2747 1413 2828 oci.oo,ari,o,eirp.,ei
1473 2751 1712 2837 .2,cop.192.)

107 2853 267 2914 ¹¹¹‘²⁵¹¹¹¹¹¹
287 2831 901 2986 ‘libitiaitttitbtitttitt
955 2828 1042 2984 ,iii
1061 2826 1316 2985 §trinitati
1332 2833 1533 2971 illidii.
1558 2833 1588 2970 ¹.
1613 2833 1746 2928 ΜΨ

108 3027 182 3072 ιιοιι
198 3004 373 3072 secundnm
390 3001 470 3065 sitite
486 2933 704 3067 eminentiagm,
721 2953 904 3054 sedsecun1
956 2985 1146 3078 habitationi
1165 2985 1326 3046 humanis.
1342 2986 1444 3046 Homo
1459 2929 1747 3072 euimcctnllrssllgz

109 3088 190 3151 dilm
206 3084 458 3158 similitudinem,
472 3078 550 3158 quia
563 3079 612 3137 cst
625 3073 668 3134 ibi
682 3073 836 3150 perpetua
850 3083 904 3130 ae·
950 3064 1104 3152 similiter
1132 3063 1172 3125 ad
1200 3063 1430 3126 beatitudinem
1458 3067 1660 3130 ordinantur.
1687 3070 1747 3134 Sed

110 3169 159 3230 ris
177 3165 405 3245 temperies,ut
417 3159 557 3222 Isidorus
572 3153 658 3227 dicit,
672 3152 733 3212 loc.
750 3166 822 3226 sup.
836 3147 903 3222 cit,
957 3143 1099 3222 Angelus
1117 3141 1223 3204 statim
1239 3139 1259 3204 ii
1276 3144 1434 3223 principio
1450 3143 1552 3208 iactus
1565 3151 1614 3208 est
1625 3149 1748 3212 babita-

110 3254 146 3310 et
162 3247 197 3308 in
210 3245 273 3308 hoc
290 3240 488 3306 assimilatur
501 3233 689 3314 corporibus
704 3226 903 3298 celestibus,
958 3227 1008 3282 tor
1020 3223 1080 3284 loci
1095 3223 1274 3294 beatorum,
1287 3222 1486 3286 scilicetcoeii
1499 3227 1652 3306 empyrei.
1663 3229 1750 3309 Bago

137 3343 190 3390 um
203 3327 280 3388 sunt
291 3323 413 3400 absque
426 3314 664 3380 contrarietate.
679 3305 779 3386 Magis
798 3309 905 3366 tamen
957 3299 1052 3364 etiam
1068 3301 1111 3361 ibi
1124 3299 1233 3362 debuit
1248 3299 1371 3362 institui
1384 3302 1540 3366 habitatio
1555 3305 1708 3368 bominis.

111 3345 151 3466 at
175 3403 297 3466 mentio
326 3399 365 3460 de
391 3395 498 3462 lunari
522 3391 617 3473 giobo
642 3384 741 3466 quani
769 3385 807 3444 de
833 3381 905 3445 aliis
996 3377 1216 3450 acceleres,
1237 3377 1263 3438 si
1281 3379 1506 3459 locusaliquis
1530 3383 1664 3445 debetur
1683 3385 1750 3447 bo-

112 3481 270 3564 sphicris,
293 3479 373 3558 quia
392 3473 517 3537 lunaris
541 3470 654 3551 globus
678 3469 726 3528 est
749 3463 906 3524 terminus
958 3457 1050 3532 mini,
1066 3462 1123 3519 aut
1136 3457 1270 3519 debetur
1283 3457 1313 3518 ei
1328 3457 1455 3520 ratione
1471 3459 1598 3535 animia,
1621 3467 1678 3524 aut
1693 3481 1751 3526 ra-

113 3562 295 3626 coelestium
323 3569 494 3634 corporum
521 3543 634 3611 versiis
659 3561 740 3616 nos,
768 3547 800 3602 ct
828 3541 907 3622 luna
959 3535 1047 3598 tione
1064 3535 1220 3614 corporis.
1237 3533 1267 3596 Si
1283 3537 1408 3598 ratione
1422 3537 1556 3612 animis,
1572 3539 1706 3602 debetur
1721 3543 1750 3604 ei

114 3643 215 3704 ctiam
241 3643 291 3701 est
312 3635 414 3716 magis
427 3638 534 3694 'terrie
558 3625 664 3691 affinis
691 3623 775 3683 inter
798 3617 907 3680 omnia
958 3632 1018 3692 pro
1032 3615 1103 3676 loco
1116 3614 1242 3687 coelum,
1255 3614 1310 3692 qui
1328 3613 1451 3676 videtur
1467 3633 1538 3678 esse
1551 3618 1641 3681 locus
1657 3624 1751 3682 natu·

113 3735 256 3799 eoi-pora
270 3715 428 3788 selectim
440 3709 526 3773 unde
539 3711 573 3768 et
587 3702 743 3786 quasdam
759 3699 906 3760 tenebras
959 3693 1036 3756 ralis
1052 3693 1177 3766 animae,
1193 3689 1267 3756 oiim
1282 3693 1431 3756 omnibus
1444 3694 1559 3757 insitus
1573 3697 1615 3758 sit
1627 3697 1750 3778 appeti·
1771 3727 1772 3732 1

114 3799 293 3863 nebulosas
308 3795 415 3868 babet,
431 3789 524 3869 qnasi
539 3785 691 3849 accedens
706 3779 747 3842 ad
763 3776 909 3856 opacita-
960 3777 1011 3834 tus
1026 3772 1108 3834 coeli.
1122 3771 1256 3834 Ratione
1266 3779 1372 3834 autem
1384 3773 1527 3852 corporis
1539 3791 1603 3837 ιιοιι
1616 3775 1751 3840 debetur·

115 3886 194 3942 tem.
213 3875 349 3951 Quidam
367 3877 476 3933 auteur
490 3867 610 3938 dicunt,
630 3859 717 3941 quiid
738 3855 907 3937 paradisus
960 3852 989 3913 ei
1011 3851 1094 3942 alius
1117 3852 1207 3912 iocus
1230 3847 1327 3930 quam
1349 3851 1420 3914 aliis
1438 3852 1646 3918 animalibus.
1664 3857 1750 3935 Ergo

117 3955 323 4036 pertingebat
345 3946 508 4028 usquead
532 3947 679 4006 lunarem
702 3939 852 4018 globum,
876 3933 909 4026 id
960 3930 1128 4069 paradisus
1143 3929 1238 4022 'nullo
1257 3929 1350 3990 modo
1371 3930 1431 3991 iuit
1449 3932 1539 3994 iocus
1555 3933 1750 3996 eoniemem

116 4041 288 4114 estusque
305 4031 345 4094 ad
365 4028 505 4090 medium
527 4021 611 4086 acris
632 4017 856 4105 interstitium,
874 4029 907 4072 iii
983 4011 1151 4072 abitatione
1167 4008 1326 4069 humanos.
1540 4088 1548 4103 .

118 4095 778 4270 sterilitatibus.bittit}
792 4094 910 4249 titii
960 4085 1780 4259 ii·lebnalillibitanaetitiis¹

119 4273 263 4334 rationes
275 4257 714 4330 maximiattribniturIunoe.
726 4251 784 4312 Sed
795 4265 910 4311 secun·
961 4242 1749 4324 paradisusnonestiocushabitationisiinmanie.

120 4348 198 4412 iiiim
213 4349 275 4410 boc
287 4349 376 4408 locus
389 4344 443 4405 iile
458 4357 523 4403 non
537 4341 621 4400 esset
638 4329 831 4396 conveniens
848 4328 910 4388 ba·
961 4325 1046 4402 Ergo
1069 4323 1095 4415 si
1114 4325 1162 4382 est
1180 4321 1274 4410 locus.
1296 4319 1485 4412 habitationi
1507 4324 1658 4386 humanm
1671 4341 1752 4388 con·

120 4427 271 4492 bitationi
288 4426 453 4493 humine,
469 4424 538 4481 tum
552 4415 630 4494 quia
644 4411 688 4473 ibi
705 4413 754 4471 est
769 4407 911 4468 maxima
961 4398 1750 4483 graus,invanumvideturelieoinsitiuiusluisse.
1843 4421 1852 4441 ·

121 4505 346 4586 intemperies,
369 4506 435 4563 tum
457 4499 534 4578 quia
556 4493 690 4556 nonest
715 4488 910 4578 temperatus
1001 4477 1031 4541 ii.
1051 4480 1226 4551 Praetorea,
1248 4477 1388 4550 homini,
1411 4477 1483 4540 cirin
1504 4481 1547 4542 sit
1569 4487 1753 4560 temperatio

122 4583 338 4666 complexioni
353 4581 513 4652 humana,
529 4575 612 4636 sicut
624 4588 681 4636 aer
695 4566 827 4628 inierior
839 4577 911 4624 ma·
962 4557 1205 4700 complexionis,
1217 4557 1532 4649 congruuscstlocus
1543 4563 1752 4638 temperatus.

121 4667 171 4748 gis
186 4672 280 4726 terrm
291 4661 428 4724 vicinus.
962 4639 1022 4702 Sed
1049 4655 1126 4700 ocus
1137 4635 1277 4728 paradisi
1293 4652 1357 4696 non
1371 4640 1419 4696 est
1431 4635 1520 4700 locus
1536 4643 1751 4716 temperaturi

164 4743 213 4806 Ad
228 4726 684 4807 secandumdicendumqnbd,
701 4721 913 4800 sicutAugn-
962 4718 1080 4780 dicitur
1094 4733 1179 4778 enim
1201 4732 1272 4774 esso
1293 4715 1354 4774 sub
1420 4715 1587 4778 trinoctiali
1610 4714 1752 4788 circulo,

122 4823 229 4887 stinus
238 4821 324 4893 dicit,
334 4817 354 4880 8
366 4812 589 4895 superGenes.
605 4806 645 4868 ad
657 4805 730 4874 lite,
742 4819 812 4879 cap.
827 4801 858 4874 l,
872 4797 912 4860 ad
963 4798 1019 4875 qui
1035 4796 1123 4858 locus
1140 4793 1265 4854 videtur
1281 4808 1352 4852 esse
1369 4807 1406 4852 aa
1421 4791 1599 4865 idissimus,
1616 4811 1689 4854 cum
1704 4793 1753 4856 bis

123 4903 194 4975 tim,
209 4897 394 4963 credendam
407 4888 546 4972 estquod
560 4887 648 4950 locus
664 4879 808 4975 paradisi
822 4878 842 4937 ὰ
857 4893 914 4936 co-
965 4875 998 4937 in
1012 4891 1098 4936 anno
1115 4872 1163 4934 sol
1179 4874 1321 4932 transeat
1341 4885 1440 4960 super
1460 4872 1676 4934 summitatem
1699 4889 1753 4936 ca·

124 4981 268 5065 petitione
289 4975 447 5039 lominum
466 4977 509 5030 cet
525 4964 765 5028 reinoti'ssrmum
783 4954 914 5044 (litiniaci
964 4955 1067 5032 pitum
1075 4947 1251 5026 eorumqui
1263 4948 1306 5008 ibi
1319 4947 1475 5009 habitant.
1486 4950 1571 5029 Ergo
1581 4950 1752 5028 paradisus

125 5067 246 5128 citima,
261 5073 393 5138 quorum
406 5052 508 5133 sontes
520 5045 591 5108 uoti
604 5060 665 5103 esic
677 5040 839 5103 dicuntur,
854 5031 915 5094 oli·
966 5049 1031 5095 non
1044 5029 1193 5094 cstlocus
1212 5043 1374 5106 congruus
1387 5026 1575 5090 habitationi
1590 5029 1753 5092 buinaria.

126 5137 276 5200 cubilest
296 5132 352 5196 sub
371 5140 480 5197 ierem,
504 5128 622 5204 etpost
641 5127 758 5181 tructus
794 5112 915 5175 roti'oco·
1005 5110 1191 5173 Sedcontra
1211 5111 1259 5166 est
1280 5104 1365 5183 qubd
1380 5103 1599 5170 Damascenus
1617 5107 1693 5168 dicit
1714 5108 1754 5172 de

127 5231 198 5278 rum
219 5215 381 5296 reqionum
398 5209 476 5272 locis
492 5205 565 5267 attic
586 5199 732 5280 erupisse.
754 5133 836 5257 llum
856 5189 914 5252 ltoo
966 5189 1133 5282 paradiso,
1150 5183 1238 5247 liba
1255 5183 1394 5276 dooftli.
1408 5183 1497 5276 Fid5,
1514 5201 1585 5265 cap.
1602 5185 1652 5263 ll,
1666 5186 1756 5249 circa

127 5289 519 5368 ,opwwmwppmqm
532 5284 632 5364 pacm
686 5277 713 5338 is
728 5269 875 5354 ipocrotl
967 5286 1089 5360 princ,
1105 5263 1189 5343 quod
1206 5266 1256 5356 est
1272 5261 1383 5354 decisio
1402 5279 1501 5354 cepto,
1521 5273 1550 5326 ct
1569 5265 1667 5344 clipeo
1690 5265 1756 5344 eius

168 5374 215 5437 Ad
228 5371 360 5437 tertium
372 5364 540 5430 dicendum
550 5357 635 5439 quod
644 5296 736 5418 lmus
748 5352 802 5414 iile
814 5348 916 5425 seclu-
965 5365 1021 5428 qui
1033 5341 1199 5408 iocundam
1210 5358 1373 5420 imuprocm
1385 5340 1445 5402 Dii
1455 5349 1531 5411 crot,
1545 5343 1753 5406 conversatio.

129 5471 186 5548 siis
202 5451 281 5547 est-el
296 5445 408 5512 nostra
419 5440 616 5577 habitatioipe
632 5434 793 5528 aliquibus
809 5429 918 5568 ieiliipfi-
987 5418 1756 5566 1Rffiss'f’indessgfeffllufftqssbflss⁵i⁰⁰²·⁵⁰⁹³1¹fn*

129 5527 838 5690 (ciliffingztilffsffinuffiffiugzgeffinslii
851 5601 916 5646 riori
969 5523 1064 5676 {offis
1082 5518 1184 5673 'libelis
1202 5584 1233 5640 et
1246 5541 1451 5671 immortalis,
1468 5515 1756 5656 nillilioqsulicaeggrpigs

131 5693 247 5769 potest.
259 5690 299 5750 Et
308 5684 379 5749 ideo
390 5687 562 5760 scriptores
572 5677 716 5737 locorum
728 5669 766 5730 de
777 5663 917 5728 hocloco
970 5680 1039 5744 ejus
1059 5599 1298 5740 llsposiitonem
1321 5656 1629 5735 incorruptibilitatis
1654 5657 1758 5721 habe-

133 5771 329 5830 mentionem
340 5781 405 5826 non
417 5761 570 5823 iecerunt.
771 5757 774 5766 '
969 5747 1031 5815 ret,
1050 5741 1104 5802 sed
1124 5739 1201 5816 quia
1225 5737 1329 5796 inerat
1352 5735 1467 5796 animia
1487 5735 1535 5798 ris
1550 5735 1695 5813 quaedmn
1717 5733 1757 5796 ad

176 5848 221 5910 Ad
242 5847 392 5919 quartum
411 5837 577 5902 dicendum
598 5829 683 5909 cubil
706 5825 828 5900 lienum
848 5820 919 5888 vite
970 5817 1228 5896 praeservandam
1248 5831 1364 5878 cornus
1391 5811 1409 5876 l
1431 5815 1648 5894 corruptione.
1673 5811 1761 5874 Cor·-
