3970 6334
23 210 32 365 ‚f
96 271 156 349 sag
589 231 734 338 'ounsc
756 269 776 324 ι.
797 269 841 328 nn
860 269 971 326 suem
992 267 1171 332 coercui.
1193 237 1252 328 sic.
1702 277 1755 334 tu

20 374 33 479 l
93 392 316 473 Dionysius,
344 407 414 468 esp.
431 389 467 450 tt
482 387 552 450 coel.
573 385 718 458 Hieram,
741 401 806 448 non
829 385 917 446 mul-
967 393 1006 446 ad
1021 384 1158 462 primum
1182 402 1331 456 sensum,
1348 386 1404 466 qul
1420 389 1468 449 est
1488 405 1603 452 sensus
1619 390 1755 454 histori-

16 482 25 531 t
93 473 175 534 tum
190 471 410 535 remoteanto
432 465 528 540 med„
543 465 644 544 magis
661 463 914 526 esiconvoniens
967 479 1040 534 cus,
1066 461 1115 522 vel
1133 461 1291 526 litterulis.
1310 465 1667 548 lllaverdsignillcntio
1688 468 1755 550 qut

94 551 201 627 qued
218 551 336 614 diuina
348 551 383 610 in
394 546 565 625 Scripturis
581 542 747 607 tradantur
759 543 849 606 subll
882 573 915 635 '-
966 557 1017 634 res
1035 539 1241 634 significatae..
1267 559 1448 621 permees,
1471 543 1585 608 terum
1602 565 1654 611 res
1671 549 1751 611 aliar

94 631 146 692 ris
168 631 303 692 vilium
320 644 489 706 corporum
503 621 601 702 quam
620 639 791 700 corporum
815 637 857 682 no
881 639 915 681 r·-
966 617 1158 699 significant,
1174 619 1412 690 dicitursensus
1428 623 1615 701 spiritualis,
1627 627 1683 704 qui
1700 644 1754 688 su·

93 709 211 770 lium,
228 709 481 785 Ethecpropter
493 703 565 764 tria.
579 701 769 794 Primoquia
784 705 914 780 propter
965 715 1023 776 per
1036 697 1205 790 litteralem
1220 698 1387 772 tundatur,
1404 705 1435 762 et
1449 719 1522 764 cum
1534 705 1698 842 supponit.

95 789 170 850 hoe
188 789 307 868 magis
320 788 475 848 liberatur
488 783 648 846 humanus
659 797 785 842 animus
800 779 840 840 nb
855 797 914 838 er-
1006 777 1184 836 limantem
1204 795 1317 840 sensus
1335 779 1509 856 spiritualis
1528 783 1567 844 tri
1582 781 1684 846 aridm
1701 780 1755 843 di-

95 885 202 930 rum.
219 865 429 930 Manifestum
441 863 526 923 enim
538 863 671 939 apparet
684 857 769 938 quod
785 858 914 918 haecce·
966 855 1095 916 viditur.
1110 855 1196 916 Sicut
1204 857 1371 920 enimdicit
1380 859 1551 936 Apostolus
1564 861 1604 924 ad
1611 861 1708 924 Hebr.
1720 861 1752 922 'lc

97 945 271 1008 eundum
307 943 511 1022 roprietatem
526 956 591 1001 uon
606 938 756 1000 dicuntur
769 936 807 998 de
826 935 911 999 divi·
964 934 1032 996 Lex
1050 938 1138 995 vetus
1153 933 1254 1014 ligura
1272 942 1320 997 est
1338 953 1428 999 novae
1439 937 1536 1018 legis3
1550 941 1600 1001 cti
1623 959 1657 1001 sn
1672 957 1754 1001 novo

97 1027 288 1166 Sciat..
309 1015 912 1165 llt‘llttllltllcllllllll?
966 1013 1037 1170 lt:
1054 1012 1190 1168 till
1213 1013 1580 1175 lllllltllttllt·
1596 1019 1753 1159 ..itta

99 1183 269 1246 maxime
282 1117 458 1260 apudpitlos
475 1175 530 1254 qni
547 1173 721 1238 nihilaliud
734 1171 754 1236 A
765 1137 915 1251 corpori-⁹
966 1169 1051 1232 nova
1068 1135 1162 1232 ctiam
1177 1133 1247 1251 lege
1262 1188 1301 1233 en
1315 1189 1387 1249 qne
1400 1171 1547 1252 incapite
1560 1113 1636 1238 lgm
1647 1141 1750 1256 gesta.

100 1265 176 1324 bns
191 1262 365 1324 nobilibus
379 1255 561 1336 excogitare
576 1256 745 1314 noverunt.
770 1251 914 1312 Secundo
967 1253 1041 1308 sunt
1056 1247 1148 1325 signa
1171 1265 1283 1312 corum
1302 1267 1375 1328 que
1396 1267 1455 1314 nos
1472 1269 1567 1332 agere
1589 1253 1751 1316 debemus.

102 1343 201 1418 quia
221 1342 279 1404 hic
296 1337 407 1401 modus
422 1333 666 1398 convenientior
679 1335 728 1396 est
740 1329 914 1410 cognitioni
966 1319 1145 1418 Secundum
1156 1343 1233 1406 ergo
1247 1327 1334 1406 qudd
1345 1345 1384 1392 ea
1396 1347 1469 1408 qum
1483 1335 1559 1395 sunt
1573 1333 1688 1394 veteris
1703 1332 1754 1394 lc-

103 1435 229 1498 qnam
254 1419 294 1480 de
315 1419 381 1479 Deo
405 1415 560 1476 habemus
578 1411 611 1472 in
628 1409 689 1472 hdc
712 1407 786 1472 villi.
813 1407 914 1488 llagis
967 1423 1031 1483 gis,
1053 1404 1234 1484 significant
1247 1423 1286 1468 ea
1302 1424 1374 1484 que
1389 1413 1465 1470 sunt
1481 1426 1573 1472 nore
1586 1409 1689 1490 legis,
1706 1413 1755 1472 est

103 1499 216 1562 enim
243 1496 464 1560 manifestatur
491 1490 581 1552 nobis
600 1489 638 1549 de
664 1491 733 1566 ipso
756 1487 832 1566 quid
850 1505 914 1548 nou
967 1500 1081 1576 sensus
1096 1483 1287 1576 allegoricus
1300 1505 1309 1556 ς
1324 1483 1500 1550 secundum
1514 1489 1590 1552 verd
1604 1487 1691 1568 qudd
1711 1505 1752 1552 ea

105 1581 192 1652 est,
209 1575 315 1657 quam
330 1573 406 1653 quid
422 1576 486 1642 est;
509 1573 541 1632 et
554 1568 624 1632 ideo
641 1567 862 1628 similitudines
879 1565 916 1626 il·
967 1579 1039 1642 qum
1052 1579 1087 1622 ru
1096 1561 1221 1624 Christo
1232 1569 1307 1626 sunt
1316 1563 1410 1637 lacta,
1423 1567 1474 1628 rel
1485 1565 1518 1628 in
1528 1567 1567 1628 iis
1578 1585 1650 1648 qum
1659 1565 1754 1630 Clrrl-

107 1657 238 1718 larum
253 1668 447 1730 rerumquae
463 1649 565 1726 magis
582 1647 774 1726 elongantur
789 1643 810 1710 A
828 1646 914 1716 Deo,
967 1645 1053 1702 stum
1067 1639 1093 1700 si
1118 1640 1343 1709 elucesceret
1356 1643 1448 1723 signa
1473 1663 1585 1708 sorum
1604 1663 1676 1728 qure
1693 1662 1752 1708 nos

109 1735 290 1798 veriorem
308 1732 400 1794 nohis
419 1728 539 1792 iaciunt
551 1726 812 1796 aestimationem
829 1723 915 1802 quod
968 1735 1063 1798 agero
1105 1720 1253 1792 ebcmus,
1277 1725 1326 1784 cst
1347 1739 1461 1786 sensus
1482 1725 1634 1796 moralis,
1657 1735 1754 1798 prout

111 1816 163 1876 sit
176 1830 284 1894 supra
299 1810 375 1873 illud
390 1808 475 1886 quod
488 1805 527 1866 de
542 1806 609 1868 Deo
626 1804 777 1874 dicimus,
794 1803 841 1863 vel
856 1820 916 1863 co-
967 1797 1043 1862 vcrd
1055 1797 1235 1876 significant
1245 1815 1283 1860 ea
1296 1807 1453 1876 quesum
1464 1803 1498 1864 in
1508 1800 1752 1881 mterndglorid,

114 1895 283 1974 gitamus.
304 1887 412 1952 Tertio
426 1886 503 1965 quia
516 1901 573 1978 per
589 1882 790 1964 hujusmodi,
807 1881 915 1945 divina
967 1879 1016 1937 est
1030 1893 1142 1938 sensus
1158 1877 1364 1956 anagogicus.
1378 1879 1459 1954 Quia
1475 1879 1551 1943 vcro
1567 1879 1754 1942 sensualit-
1846 1931 1853 1940 .

114 1973 235 2052 magis
248 1969 449 2034 occultantur
465 1963 615 2044 indignis.
967 1953 1075 2017 taralis
1095 1959 1143 2016 est
1153 1973 1250 2094 §⁰⁰¹⁸
1270 1965 1382 2019 auctor
1401 1957 1545 2031 intendit,
1560 1965 1673 2021 auctor
1692 1975 1754 2021 au·

118 2073 412 2134 Anrrcunusx.-
430 2063 542 2127 utrem
564 2079 654 2126 socru
671 2063 839 2142 Scriptum
859 2059 915 2124 sud
968 2037 1141 2126 mmmm?
1175 2035 1322 2114 “illium
1338 2037 1690 2138 deusestqutomnta
1707 2035 1753 2099 si-

165 2153 235 2212 ,ΜΛ
257 2147 363 2210 prm
384 2144 489 2206 pm,
503 2143 607 2222 prum
618 2159 775 2203 mm„
789 2141 914 2220 (Quom,
968 2113 1105 2202 mulsuo
1120 2112 1553 2209 intellectu·cocrrprelrendrt3
1566 2117 1692 2178 lloncrt
1704 2133 1755 2178 m·

165 2231 335 2309 mm,
357 2225 395 2292 g,
411 2231 473 2282 m,
491 2221 557 2289 pp
580 2231 607 2280 ει
627 2221 661 2286 31
680 2229 708 2281 ,p
722 2221 794 2282 pop·
830 2228 914 2280 mg·
968 2208 1167 2282 conueniens,
1181 2195 1217 2252 ut
1233 2191 1307 2254 dicit
1328 2193 1538 2272 Augustinus,
1559 2193 1598 2258 12
1626 2193 1752 2256 Conles.

170 2307 213 2376 t,
231 2314 295 2368 nrt.
311 2307 348 2373 1,
373 2312 400 2364 ei
417 2301 437 2362 t
456 2302 530 2362 dist.
548 2299 604 2366 21.
621 2307 728 2377 queit.
745 2301 779 2365 1,
797 2309 858 2360 arr.
877 2299 915 2366 a,
969 2267 1114 2348 (elicitur
1131 2287 1172 2332 ⁰¹
1187 2287 1257 2348 ων·
1272 2270 1325 2344 18,
1349 2273 1402 2346 19.
1424 2273 1479 2346 20,
1494 2271 1550 2346 tl.
1576 2271 1755 2414 “witta

166 2377 570 2468 Wg,1‚0,13‚02001,g‚
588 2377 900 2460 pcepg'gorpnmp·
968 2347 1059 2408 eliam
1072 2347 1239 2438 scetinddm
1253 2347 1417 2444 litteralem
1433 2369 1556 2414 sensum
1567 2353 1603 2414 lo
1732 2383 1756 2400 -

968 2428 1036 2488 tcrd
1048 2427 1222 2508 Scriptura·
1232 2427 1340 2508 plures
1353 2437 1416 2492 scm
1431 2449 1548 2492 sensus.

170 2505 220 2568 Ad
243 2503 400 2567 decimum
424 2501 470 2561 sic
497 2497 688 2578 proceditur.
725 2497 754 2558 1.
784 2499 918 2561 Videtur
1007 2503 1054 2566 Ad
1090 2507 1756 2588 rimumergodicendumquddmultipli-

128 2585 218 2666 qued
229 2599 322 2646 sacra
334 2581 496 2658 Scriptura
512 2579 573 2670 suli
585 2575 652 2640 und
666 2575 770 2670 littcrd
782 2593 848 2670 'non
861 2579 917 2640 lra-
968 2584 1047 2648 citas
1069 2523 1184 2644 Eorum
1208 2601 1362 2648 sensuum
1389 2604 1455 2649 nou
1481 2587 1555 2650 lacit
1571 2606 1596 2649 re
1621 2588 1756 2650 uiroca-

128 2667 207 2728 beat
219 2661 329 2743 plures
350 2677 483 2750 sensus,
506 2659 655 2734 quisunt
678 2655 848 2749 lustorrcus
867 2657 918 2718 vel
968 2661 1103 2734 tionem,
1128 2667 1185 2726 aut
1210 2663 1307 2725 aliam
1333 2665 1471 2744 speciem
1489 2607 1754 2746 multiplicitati„

128 2742 298 2814 litteralis,
315 2739 506 2818 allegoricus
519 2779 526 2804 ,
538 2735 753 2810 tropologicus
770 2754 835 2798 srrc
850 2753 917 2794 rno-
968 2740 1146 2818 quia,sicut
1156 2739 1221 2820 jam
1231 2740 1347 2803 dictum
1358 2743 1466 2824 estlin
1479 2760 1567 2824 corp.
1581 2745 1669 2825 art),
1683 2761 1756 2806 sen.

130 2823 229 2898 ralis,
245 2817 493 2897 etanagogicus.
510 2811 726 2890 Multiplicitas
743 2815 826 2874 enim
838 2833 918 2876 sen·
969 2837 1024 2880 sus
1040 2817 1091 2879 isti
1106 2835 1172 2880 uon
1188 2819 1442 2898 multiplicantur
1450 2827 1580 2902 propter
1594 2824 1655 2885 hoc
1669 2821 1755 2902 quod

132 2921 226 2964 snum
243 2900 275 2960 in
289 2892 527 2972 unAscripturA
542 2893 625 2969 parit
637 2891 856 2956 contusionem
867 2939 875 2961 .
886 2897 918 2954 ct
968 2914 1034 2960 una
1054 2915 1116 2958 vox
1129 2899 1230 2960 multa
1252 2899 1427 2980 significet,
1444 2901 1499 2964 sed
1513 2902 1591 2981 quia
1613 2903 1689 2981 ipsa
1704 2919 1755 2963 res

133 2979 367 3058 deceptionem.
393 2978 425 3034 et
443 2972 524 3032 tollit
545 2969 698 3062 arguendi
716 2971 916 3043 firmitatemr
969 2975 1222 3055 significataeper
1236 2993 1329 3040 voces
1343 2979 1481 3042 aliarum
1496 2998 1605 3043 rorum
1620 2985 1757 3060 possunt

131 3059 215 3120 unde
237 3075 280 3118 ex
305 3051 534 3132 multiplicibus
557 3067 615 3127 pro
639 3049 829 3112 ositionilms
852 3067 917 3112 non
969 3071 1039 3116 esse
1054 3055 1157 3134 signa.

132 3135 273 3216 procedit
296 3127 548 3222 argumentat'im
578 3068 636 3189 seg
660 3127 833 3190 secundum
857 3129 918 3193 hoc
1007 3133 1101 3194 Etita
1116 3133 1210 3196 etiam
1223 3133 1313 3196 nulla
1329 3134 1475 3198 conlusio
1490 3135 1636 3215 sequitur
1650 3134 1686 3196 in
1698 3152 1756 3198 sa-

133 3217 248 3294 aliquae
275 3211 409 3274 fallacie
439 3210 656 3286 assignantur.
687 3207 784 3270 Sacra
809 3214 915 3270 autem
970 3207 1025 3273 crat
1038 3209 1217 3290 Scripturd,
1231 3209 1304 3272 edm
1320 3229 1431 3276 omnes
1450 3231 1565 3278 sensus
1581 3213 1756 3277 tundentur

133 3293 296 3374 Scriptura
311 3291 404 3352 debet
423 3305 493 3350 esse
509 3285 621 3347 efficax
636 3284 674 3346 ad
689 3287 916 3348 ostendendam
970 3306 1069 3368 super
1079 3306 1192 3362 unum,
1209 3289 1330 3353 scilicet
1345 3291 1535 3368 litteralem,
1551 3311 1592 3356 ex
1602 3308 1672 3371 quo
1686 3292 1756 3354 solo

133 3373 298 3434 veritatem
309 3365 528 3447 absqueomni
543 3363 678 3426 inllacid.
690 3365 774 3444 Ergo
786 3383 850 3426 non
861 3367 919 3426 do-
970 3371 1074 3447 potcst
1091 3368 1175 3428 trahi
1190 3377 1432 3448 argumentum,
1452 3389 1517 3434 nnn
1536 3375 1642 3434 autem
1659 3387 1699 3430 ex
1717 3371 1756 3432 lis

135 3451 249 3514 bentin
262 3449 372 3512 edsub
384 3444 449 3508 und
462 3441 566 3506 littera
578 3444 684 3522 plures
700 3462 813 3506 sensus
824 3444 916 3506 tradi.
970 3464 1041 3526 qum
1053 3444 1227 3508 sccunddm
1243 3447 1429 3527 allegoriam
1449 3449 1614 3522 dicuntur,
1632 3453 1667 3511 ut
1681 3449 1758 3511 dicit

172 3531 201 3590 A.
215 3531 384 3596 Praeterea,
395 3523 592 3604 Augustinus
602 3519 677 3583 dicit
690 3521 721 3582 ln
735 3523 789 3583 lib.
805 3524 842 3586 de
854 3524 919 3586 Uti·
971 3523 1168 3604 Augustinus
1183 3525 1214 3586 in
1227 3527 1319 3604 epist.
1332 3531 1416 3589 cont.
1431 3527 1634 3590 vincentium
1645 3529 1758 3589 Dona-

134 3609 220 3671 litate
247 3605 419 3677 credendi,
442 3620 513 3682 cap.
529 3601 568 3674 3,
595 3601 669 3662 cire.
690 3602 808 3680 princ,
833 3602 918 3681 qudd
970 3605 1097 3676 lislam,
1115 3620 1186 3681 qum
1201 3610 1249 3666 est
1261 3603 1300 3664 lli
1312 3605 1396 3668 circa
1408 3607 1491 3668 med.
1506 3607 1576 3669 Non
1592 3613 1697 3668 tamen
1714 3623 1756 3668 cn

137 3689 302 3766 Scriptura
326 3701 392 3764 quc
420 3681 643 3771 Testamentum
654 3689 739 3742 cetus
768 3693 917 3754 coeatur,
971 3681 1031 3742 hoc
1042 3681 1161 3760 aliquid
1174 3683 1296 3761 deperit
1308 3701 1406 3746 sacrm
1419 3685 1605 3764 Scriptura,
1644 3685 1758 3746 uiani·

139 3763 363 3846 qiedritaridm
378 3759 534 3830 truditur,
549 3759 667 3820 scillcet
683 3759 849 3820 sectandum
864 3760 920 3820 lti-
972 3760 1017 3822 hil
1034 3761 1095 3820 sub
1115 3760 1272 3840 spirituali
1289 3779 1386 3824 sensu
1408 3765 1589 3825 continetur
1602 3703 1674 3824 srael
1698 3781 1760 3824 ne-

139 3845 274 3916 storium,
285 3837 663 3918 sccundrimgetiolopicm,
673 3838 920 3898 sccrtnddmcna-
971 3840 1145 3901 cessarium
1156 3839 1241 3918 quod
1255 3839 1417 3918 Scriptura
1432 3860 1489 3920 per
1499 3842 1667 3904 litteralem
1681 3859 1759 3903 sen-

140 3923 267 4004 logiam,
296 3917 463 3982 secundem
478 3915 667 3994 allegoriam.
693 3918 771 3992 Quae
792 3917 920 3995 quidem
972 3935 1042 3980 sum
1057 3919 1173 3980 alicubi
1190 3918 1355 3980 manifeste
1366 3937 1432 3981 non
1445 3921 1560 3984 tradat.

141 3999 311 4080 quatuord
335 4001 475 4076 quatuor
497 3995 655 4076 praedictis
680 3995 825 4056 vitientur
850 4013 920 4057 esse
1012 3995 1058 4056 Ad
1090 3996 1265 4058 secundum
1284 3997 1452 4058 dicendum
1483 3997 1568 4078 quod
1593 3997 1649 4060 illa
1676 3997 1756 4068 tria,

140 4081 239 4144 aliena
254 4075 484 4139 omnimodos
511 4075 608 4153 igitur
621 4071 814 4134 convenietis
829 4075 922 4136 vide-
972 4073 1105 4136 historia
1122 4118 1130 4147 ,
1150 4075 1327 4154 mliolngia,
1344 4076 1509 4156 analogia,
1524 4074 1562 4138 ad
1577 4093 1679 4136 unum
1697 4076 1759 4136 lit-

139 4165 188 4220 tur
223 4157 287 4221 uod
307 4155 415 4220 cadem
439 4154 545 4214 littera
561 4169 659 4214 sacrae
678 4151 848 4229 Scripturas
865 4171 922 4214 se·
972 4153 1103 4214 terulem
1121 4169 1251 4212 sensum
1266 4153 1440 4230 pertineut;
1457 4171 1531 4215 nam
1547 4153 1681 4215 historia
1697 4157 1756 4226 est,

139 4179 715 4314 eundumquatuorsensus,tretium
728 4235 920 4310 exponatur.
972 4233 1009 4290 ul
1024 4231 1090 4308 ipse
1108 4230 1304 4308 Augustinus
1320 4231 1452 4309 exponit
1465 4229 1474 4312 (
1485 4232 1547 4294 loc.
1562 4230 1645 4292 dicto
1658 4231 1690 4292 in
1706 4248 1758 4292 ar·

172 4318 201 4378 3.
219 4319 401 4384 Praeterca,
423 4315 537 4390 praeter
551 4310 714 4447 predictos
737 4327 849 4375 sensus
866 4310 922 4369 in-
974 4307 1091 4388 gurm),
1108 4305 1181 4368 crim
1206 4308 1392 4387 simpliciter
1408 4309 1528 4388 aliquid
1549 4309 1757 4404 proponiturr

138 4397 262 4458 venitur
288 4409 403 4455 sensus
428 4391 549 4467 parabo
564 4387 647 4460 icus,
670 4388 726 4466 qui
743 4388 827 4450 inter
850 4388 922 4450 illos
974 4386 1132 4464 aetiologia
1154 4386 1246 4457 τετὸ,
1263 4383 1335 4448 crim
1348 4405 1445 4451 causa
1461 4389 1534 4450 dicti
1553 4391 1756 4468 assignatur,

137 4493 248 4537 sensus
267 4476 409 4549 quatuor
423 4485 488 4530 non
503 4469 694 4528 continetur.
975 4465 1057 4526 sicut
1073 4461 1144 4526 crim
1154 4465 1308 4528 Dominus
1324 4467 1498 4546 assignavit
1514 4483 1644 4530 causam
1657 4483 1759 4544 quare

172 4554 231 4616 Sed
248 4555 362 4614 contra
384 4553 432 4610 est
461 4546 547 4625 qnod
570 4544 646 4606 dicit
676 4543 869 4628 Gregorius,
884 4545 924 4605 20
974 4543 1099 4624 Moyses
1110 4544 1423 4622 permisitlicentiam
1432 4545 1758 4625 repudiandiuxores,

134 4627 393 4707 llornl.eap.1,
413 4622 610 4688 clrcdmed.:
632 4623 730 4684 Sucro
756 4625 925 4704 Scriptura
976 4623 1096 4684 scilieet
1145 4626 1251 4700 ropter
1282 4623 1431 4685 duritiam
1460 4623 1563 4686 cordis
1592 4626 1757 4702 ipsorum,

135 4703 925 4784 ommessclentiasipsolocutioulssuoemoretron-
975 4701 1086 4763 llulth.
1113 4641 1161 4760 ὦ.
1187 4701 1343 4779 Analogia
1369 4701 1444 4764 verd
1472 4707 1520 4764 est
1542 4701 1614 4764 cunr
1640 4702 1760 4763 veritus

135 4789 273 4854 scandit:
291 4785 437 4867 quietum
458 4781 560 4844 eodem
589 4798 743 4854 cortrone,
764 4779 926 4844 ddmncr-
976 4780 1073 4840 unius
1088 4779 1257 4856 Scriptura
1279 4779 1457 4840 ostenditur
1479 4781 1604 4842 veritati
1628 4779 1760 4842 alterius

134 4877 181 4930 rat
196 4874 317 4948 gestum
330 4862 386 4946 (t),
400 4859 509 4940 p'rodit
521 4859 708 4940 mysterium.
978 4873 1041 4918 nou
1052 4873 1243 4936 repugnare.
1253 4855 1326 4918 Solu
1337 4862 1442 4918 autem
1452 4857 1694 4938 allegoriainter
1707 4859 1762 4920 illa

171 4943 367 5024 Respondeo
388 4940 556 5004 dicendum
582 4938 667 5030 qudd
690 4942 804 5000 auctor
827 4953 925 5000 sacrm
978 4937 1117 5013 quatuor
1128 4949 1185 5012 pro
1198 4937 1298 4996 tribus
1313 4936 1532 5013 spiritualibus
1544 4937 1691 4998 sensibus
1705 4953 1762 5012 po-

135 5027 308 5106 Scripturae
323 5025 372 5083 cst
383 5022 487 5089 Deus,
502 5019 535 5078 in
551 5035 641 5094 cujus
655 5021 810 5095 potestate
830 5023 877 5080 cst
892 5024 927 5077 ut
978 5013 1068 5074 nitur
1081 5056 1089 5084 ,
1102 5013 1184 5073 sicut
1196 5019 1226 5072 et
1243 5014 1335 5090 lingo
1361 5014 1399 5074 de
1421 5015 1538 5076 Sancto
1560 5014 1687 5075 Victore
1701 5015 1762 5074 suli

137 5121 200 5167 non
221 5099 330 5165 solum
349 5117 444 5161 voces
460 5098 498 5160 ad
521 5094 765 5175 significandum
795 5112 927 5156 accom-
979 5109 1077 5152 sensu
1091 5091 1263 5170 allegorico
1277 5093 1372 5153 ctiam
1386 5093 1598 5173 anagogicum
1614 5105 1763 5170 compre-

136 5183 243 5244 modet
265 5179 477 5261 (quodetiam
491 5175 587 5236 homo
601 5175 704 5238 tacere
717 5173 856 5255 potest),
873 5173 927 5234 sed
979 5168 1108 5243 lrendit,
1127 5185 1250 5247 ponens
1275 5169 1308 5229 in
1333 5169 1352 5229 3
1377 5187 1509 5232 suarum
1527 5169 1763 5232 Sententiarum

136 5264 232 5324 etiam
243 5277 296 5321 res
309 5255 532 5338 ipsusttttdeo
543 5252 615 5315 edm
625 5253 657 5312 in
670 5253 816 5314 omnibus
826 5253 928 5313 scien·
980 5246 1085 5308 solum
1098 5252 1163 5308 tres
1177 5265 1310 5319 sensus,
1327 5247 1448 5310 scilicet
1460 5249 1666 5320 historicum,
1681 5247 1765 5308 alle-

136 5341 187 5402 tiis
199 5355 295 5402 voces
311 5337 501 5416 significent,
513 5332 573 5393 troo
583 5331 678 5392 habet
688 5332 852 5410 proprium
867 5331 928 5392 ista
981 5327 1124 5467 'geticum
1143 5329 1174 5386 et
1187 5325 1432 5406 tropologicum.
1447 5327 1498 5408 (ld
1511 5327 1607 5390 habet
1629 5325 1663 5388 in
1680 5325 1762 5405 prol.

137 5418 273 5482 scicntia
289 5415 374 5494 quod
389 5415 465 5492 ipse
481 5429 532 5472 res
555 5409 739 5489 significatos
760 5427 819 5489 per
832 5425 927 5470 voces
995 5406 1036 5464 rb.
1049 5401 1069 5462 l
1080 5405 1119 5466 de
1133 5403 1287 5477 Sacram,
1303 5422 1374 5484 cap.
1389 5402 1420 5464 t,

139 5497 235 5560 etiarn
253 5493 436 5574 significant
449 5489 583 5567 aliquid.
599 5489 656 5550 llla
670 5505 747 5567 ergo
761 5487 864 5566 prima
883 5489 930 5548 si-
1021 5483 1068 5544 Ad
1090 5483 1218 5544 tertium
1231 5483 1416 5554 dicendum,
1431 5481 1516 5562 qudd
1533 5499 1647 5544 sensns
1661 5497 1764 5562 para-

139 5573 303 5656 gnilicatio
317 5569 384 5652 quA
397 5587 490 5632 voces
507 5567 686 5648 significant
705 5583 775 5641 res,
792 5566 929 5646 pertinet
982 5562 1103 5622 bolicns
1117 5562 1176 5623 sub
1190 5561 1318 5622 litterali
1333 5562 1535 5630 contimtum
1549 5577 1623 5623 nam
1639 5579 1696 5641 per
1710 5577 1766 5622 ro·

983 5658 1034 5699 res
1052 5639 1250 5717 significatur
1274 5637 1393 5715 aliquid
1419 5639 1564 5718 proprie.
1592 5642 1624 5701 ct
1644 5638 1767 5718 aliquid

174 5732 400 5806 (statues-mm.
599 5739 604 5778 τ
672 5743 676 5748 ·
716 5737 718 5742 ’
983 5716 1160 5794 liguratird.
1187 5719 1249 5782 Nec
1273 5721 1321 5776 est
1341 5715 1488 5779 litteralis
1511 5717 1763 5800 sensusipsali-
