4020 6352
280 256 350 316 titi

790 237 919 299 surina
937 237 1165 308 iiicoioeica:
1185 245 1273 314 eins
1292 241 1403 308 iiiiii.
1472 225 1484 238 ’

1852 267 1916 326 tiit

280 365 398 432 tertii.
412 368 499 444 Fid,
515 385 584 463 cap.
602 368 649 439 ti,
666 367 764 459 mil·
784 365 815 439 ii,
839 386 909 462 cap.
926 367 978 460 25,
992 387 1069 450 pm-
1119 369 1260 463 quiritur
1274 370 1374 434 rirtns
1394 370 1499 435 activa
1518 373 1548 436 et
1570 371 1722 463 possiam
1742 372 1836 434 Unde
1850 375 1917 438 ciim
1975 379 1976 444 1

281 465 349 508 mus
363 444 453 510 bomo
471 455 537 510 eret
550 448 740 586 inqiorortiso
753 457 892 510 terrestri
903 460 984 512 sicet
1000 451 1069 510 iliez
1120 467 1153 510 iii
1164 451 1312 511 omnibns
1325 450 1358 510 in
1375 449 1493 527 quibus
1508 456 1557 513 est
1573 451 1748 512 distinctio
1771 469 1916 514 sexuum.
1975 473 1976 494 ³

282 525 369 606 petiis
387 526 523 608 quidam.
547 525 586 587 Se

632 526 665 587 in
693 524 801 586 tuturo
824 527 1067 596 resurrectionis
1120 527 1337 589 virtusactiva
1351 528 1435 588 sitin
1454 545 1554 602 mare,
1569 529 1676 591 virtus
1695 526 1779 590 verb
1794 531 1911 608 passivi
1975 529 1976 586 ζ

283 609 380 677 statu,
394 604 523 682 quando
534 603 780 666 erunttiomines
794 603 923 681 Angelis
936 604 1066 677 similes,
1120 604 1154 666 iii
1170 604 1304 677 temiot,
1319 608 1440 668 naturae
1452 607 1530 668 orilo
1542 608 1642 687 exigit
1652 612 1695 668 ut
1708 607 1752 669 ad
1764 625 1913 686 generari.

282 701 378 762 neque
404 681 537 749 nubent,
562 701 658 761 neque
690 680 863 749 nubentur,
890 687 926 742 nt
954 680 1069 743 dieitur
1119 681 1196 744 dum
1215 683 1406 745 conveniant
1427 702 1484 763 per
1503 685 1620 748 coitum
1641 701 1723 746 mas
1741 683 1906 749 ettemina
1975 713 1976 720 ¹

283 761 395 822 Matth.
410 759 461 854 ᾖ,
472 759 521 821 30.
538 761 623 853 Ergo
634 779 738 840 neque
753 760 786 820 in
799 759 947 838 paradiso
959 759 1069 823 luisset

282 843 796 1008 geqerlqltqqqirqqqqqtqqqithm
804 913 837 976 iii
848 915 985 1008 perlecti
995 919 1069 978 ata-

282 999 314 1056 te
331 995 449 1057 conditi
468 994 607 1058 inerunt.
629 996 660 1056 Si
678 1003 773 1073 igitur
787 1012 820 1054 in
835 1012 881 1056 eis
903 1001 976 1055 aute
996 1012 1069 1072 pec-

285 1077 392 1136 eatum
409 1075 572 1154 generatio
586 1074 698 1136 luisset
710 1091 767 1149 per
782 1073 919 1145 coitum,
936 1072 1070 1134 luissent

282 1152 380 1214 etiam
397 1153 429 1213 in
442 1153 591 1232 paradiso
605 1151 776 1215 carnaliter
789 1149 968 1228 conjuncti3
983 1151 1067 1229 quod

281 1234 369 1311 patet
381 1249 451 1292 esse
466 1229 581 1292 salsum
596 1227 771 1292 secundiim
787 1227 994 1306 scripturam.

320 1308 352 1370 3.
373 1310 540 1381 Praeterea,
552 1309 585 1370 in
598 1306 952 1386 conjunctionecarnali
964 1307 1070 1368 maxi-

281 1385 333 1448 md
347 1387 482 1448 efficitur
501 1389 597 1449 bomo
616 1385 727 1448 similis
745 1386 853 1446 bestiis
868 1391 998 1463 propter
1011 1403 1070 1448 ve-

282 1465 477 1528 hementiam
498 1465 728 1528 delectationis.
750 1463 838 1526 Unde
852 1464 948 1526 etiam
965 1465 1070 1524 eonti-

279 1541 880 1622 nentialaudatur,perquamhomines
898 1543 938 1603 ab
953 1542 1070 1620 huius-

281 1621 368 1685 modi
392 1621 652 1686 delectationibus
679 1621 851 1682 abstinent.
876 1619 934 1680 Sed
960 1620 1066 1682 bestiis

282 1697 379 1760 honio
403 1705 606 1778 comparatur
647 1705 754 1778 ropter
774 1703 1069 1779 peccatum‚seeun·

283 1775 358 1838 ddni
375 1778 453 1839 illud
466 1780 549 1840 Psal.
562 1778 611 1848 lid,
623 1720 659 1838 il
674 1799 681 1835 :
695 1779 809 1844 tiemo,
825 1776 893 1838 edm
907 1775 1069 1838 inhonore

283 1863 369 1923 esset,
383 1875 449 1918 non
463 1857 639 1924 intellexit:
653 1863 848 1934 comparatus
866 1863 908 1915 est
917 1855 1069 1933 jumentis

282 1934 523 2013 insipientibus:
538 1945 564 1996 et
579 1936 689 1997 sinaitis
710 1935 811 2014 [octies
832 1941 875 1995 est
895 1933 969 1995 itta.
985 1934 1069 2012 Ergo

284 2017 360 2074 ante
373 2020 538 2089 peecatum
561 2031 625 2074 non
643 2013 756 2074 luisset
770 2013 866 2074 maris
888 2016 920 2073 et
946 2011 1070 2074 lemine

277 2091 423 2174 ‚carnalis
434 2093 627 2172 conjunctio.

322 2166 352 2228 t.
375 2171 542 2244 Praeterea,
554 2172 679 2232 instato
693 2167 882 2230 innocentiae
894 2166 982 2228 nullu
994 2166 1071 2228 iuis-

280 2252 331 2308 set
356 2249 529 2327 corruptio.
552 2249 611 2310 Sed
636 2265 694 2327 per
713 2247 830 2308 coitum
855 2247 1071 2322 corrumpitur

282 2324 449 2405 integritas
465 2327 643 2405 virginalis.
657 2326 741 2406 Ergo
754 2326 855 2386 coitus
873 2323 1002 2386 instato
1018 2326 1072 2385 in-

284 2405 438 2467 nocentia
451 2422 515 2466 non
533 2404 653 2466 luisset.

322 2479 381 2546 Sed
406 2487 516 2544 contra
539 2487 588 2545 est
607 2480 692 2560 qudd
706 2482 793 2546 Deus
815 2483 888 2542 ante
907 2483 1071 2558 peecatum

283 2560 461 2622 masculum
477 2565 509 2624 et
520 2559 669 2623 feminam
684 2558 767 2632 iecit,
781 2563 816 2619 nt
829 2558 946 2620 dicitnr
962 2557 1069 2620 Geni

283 2642 315 2696 et
327 2637 357 2697 2.
376 2638 460 2701 Nihil
476 2646 582 2701 autem
596 2642 644 2700 est
659 2638 776 2700 trustra
786 2638 819 2699 in
833 2637 983 2716 operibus
998 2638 1066 2698 Dei.

282 2713 368 2796 Ergo
381 2717 505 2780 etiamsi
515 2718 611 2778 hoino
624 2734 688 2778 non
699 2719 872 2795 peccasset,
889 2714 1000 2776 luisset
1019 2733 1071 2779 co-

285 2793 363 2868 itus,
373 2795 412 2858 ad
423 2814 518 2875 quem
529 2795 688 2857 distinctio
698 2812 835 2857 seruum
846 2793 1023 2856 ordinatur.

323 2873 491 2946 Praeterea,
506 2875 586 2936 Gen.
600 2873 633 2941 ἢ,
644 2873 777 2944 dieitur,
791 2871 875 2951 qudd
894 2872 1010 2933 mulier
1024 2877 1072 2934 est
1087 2899 1091 2906 ·

284 2948 368 3015 taeta
391 2952 425 3015 in
453 2952 648 3032 adiutorium
667 2951 740 3014 riri.
762 2951 821 3012 Sed
842 2967 906 3012 non
921 2950 1071 3025 adalind,

284 3029 348 3092 nisi
368 3029 408 3093 ad
425 3031 680 3112 generationem,
704 3047 776 3108 quai
797 3029 831 3090 oi
854 3045 911 3108 pei
936 3028 1069 3102 eoituin3

284 3107 363 3184 qnia
380 3108 420 3171 ad
443 3109 607 3188 quodlibet
624 3108 711 3172 aliud
731 3124 813 3186 opus
830 3107 1071 3170 convenientids

284 3185 431 3265 adjuvari
443 3192 552 3266 posset
561 3187 610 3250 vir
622 3205 680 3266 per
692 3187 794 3249 virum
808 3181 904 3266 qudm
917 3203 974 3263 per
984 3185 1072 3247 lemi-

1120 760 1328 822 Aliudautem
1338 761 1423 839 qnod
1432 763 1625 825 considerari
1636 767 1768 842 potest,
1778 767 1829 825 est
1838 781 1911 842 qnae·
1975 761 1976 766 ’

1120 838 1193 900 dam
1206 838 1388 902 deformitas
1404 841 1617 904 immoderatis
1627 842 1914 919 concupiscentia¹

1120 933 1193 994 quae
1207 917 1240 977 in
1254 921 1338 978 statu
1356 917 1547 982 innocentie
1559 936 1624 980 non
1635 919 1777 992 luisset,
1793 922 1916 1000 quando

1120 995 1287 1056 interiores
1305 996 1390 1058 vires
1400 997 1532 1058 omnind
1544 999 1663 1058 rationi
1678 997 1915 1060 subdebantur.

1120 1072 1207 1135 Unde
1224 1075 1421 1154 Augustinus
1442 1075 1535 1147 dicit,
1559 1077 1591 1137 in
1605 1075 1642 1138 it
1666 1077 1711 1136 de
1728 1074 1829 1138 Civit.
1846 1077 1913 1150 Dei,

1120 1168 1191 1229 cap.
1206 1151 1256 1225 26,
1273 1155 1346 1214 ante
1357 1153 1439 1215 med.
1456 1173 1464 1212 z
1479 1153 1565 1216 tosti
1580 1163 1615 1215 ut
1634 1154 1846 1246 suspicemur
1858 1173 1916 1216 nori

1114 1231 1256 1308 potuisse
1273 1229 1391 1308 protem
1400 1232 1470 1309 fieri
1482 1231 1547 1294 sine
1563 1232 1714 1294 libidinis
1732 1231 1916 1299 morbo.·sed

1120 1325 1153 1368 eo
1167 1308 1701 1372 uoluntatisreetomouerenturittu
1710 1309 1851 1371 mentire
1880 1331 1915 1372 ue

1121 1393 1241 1452 cetero,
1260 1395 1287 1447 et
1299 1388 1365 1448 sine
1378 1387 1501 1454 erdere,
1519 1397 1545 1448 et
1560 1388 1752 1450 illecebroso
1772 1329 1912 1456 stimeie,

1121 1481 1188 1525 cum
1202 1465 1428 1544 tranquillitate
1440 1466 1583 1528 aetmeet
1597 1467 1765 1546 corporis.

1160 1542 1206 1603 iii
1221 1545 1359 1620 primum
1372 1561 1448 1636 ergo
1464 1543 1631 1606 dicendum
1645 1543 1744 1623 qudd
1768 1544 1865 1604 lionio
1885 1543 1914 1604 in

1120 1621 1269 1698 paradiso
1283 1621 1484 1684 tuissetsicut
1493 1622 1633 1702 Angelus
1643 1621 1913 1701 perspiritnaleui

1120 1702 1275 1774 mentem,
1292 1697 1365 1762 cirin
1388 1704 1493 1762 tamen
1509 1701 1640 1762 haberet
1659 1701 1769 1762 vitam
1789 1701 1912 1762 anima-

1120 1775 1183 1837 lem
1197 1775 1353 1856 quantum
1373 1777 1413 1839 ad
1434 1795 1561 1857 corpus.
1584 1778 1643 1840 Sed
1665 1781 1749 1858 post
1767 1795 1913 1839 resurre-

1121 1855 1256 1916 ctionem
1272 1857 1333 1917 erit
1345 1857 1440 1916 honio
1455 1856 1567 1918 similis
1582 1858 1724 1937 angelo,
1737 1855 1909 1935 spiritualis

1121 1931 1251 1995 edoctus
1274 1939 1305 1995 et
1328 1932 1502 1996 sccunddm
1518 1935 1672 2007 animam,
1691 1939 1726 1997 et
1742 1931 1912 1996 seeundiim

1121 2028 1249 2089 corpus.
1262 2013 1349 2075 Unde
1364 2031 1428 2074 non
1445 2013 1616 2074 estsimilis
1630 2015 1735 2074 ratio.

1161 2088 1206 2150 Ad
1220 2083 1395 2153 secuiidum
1406 2091 1573 2152 dicendum
1582 2091 1683 2169 qudd,
1699 2091 1790 2153 sicut
1804 2091 1910 2169 iugu-

1122 2168 1224 2230 stiiius
1237 2168 1322 2241 dicit,
1337 2169 1356 2228 u
1369 2186 1466 2247 snper
1476 2169 1590 2232 (lenes.
1605 2168 1643 2232 ad
1652 2169 1718 2232 litt.
1731 2214 1740 2244 ,
1754 2186 1828 2246 cap.
1842 2166 1870 2239 t,
1882 2167 1910 2250 in

1121 2247 1244 2324 princ,
1261 2247 1332 2308 ideb
1348 2247 1441 2324 primi
1457 2252 1604 2326 parentes
1624 2249 1656 2308 in
1679 2247 1836 2326 paradiso
1852 2261 1908 2305 non

1122 2324 1277 2399 coierunt,
1300 2325 1377 2403 quia
1400 2324 1536 2388 formata
1551 2325 1701 2396 muliere,
1719 2328 1798 2405 post
1818 2322 1909 2384 modi-

1122 2421 1205 2476 cum,
1230 2408 1360 2482 propter
1387 2407 1552 2482 peceatum
1577 2403 1615 2467 de
1642 2404 1803 2483 paradiso
1826 2399 1907 2481 ejecti

1122 2486 1213 2553 sunt;
1225 2482 1275 2545 vel
1289 2482 1367 2560 quia
1379 2483 1609 2560 expectabatur
1619 2483 1734 2546 divina
1743 2482 1906 2544 auctoritas

1122 2559 1162 2622 ad
1191 2560 1435 2623 determinatum
1466 2562 1590 2639 tempus
1612 2559 1866 2630 commixtionis,
1891 2551 1909 2618 t

1122 2636 1187 2718 qud
1200 2643 1392 2717 aeceperunt
1401 2638 1585 2702 universale
1598 2640 1803 2702 mandatnm.

1161 2717 1208 2777 ild
1223 2718 1353 2778 tertium
1374 2717 1542 2778 dicendum
1562 2715 1647 2796 qudd
1670 2717 1787 2780 bestiae
1809 2714 1907 2777 carent

1123 2796 1259 2856 ratione.
1273 2795 1361 2857 Unde
1373 2792 1548 2864 secundiim
1569 2797 1631 2858 boe
1655 2797 1759 2857 liomo
1778 2795 1810 2855 in
1829 2791 1902 2853 coitu

1124 2873 1265 2936 bestialis
1282 2873 1436 2948 efficitur,
1451 2873 1529 2966 qnia
1549 2872 1798 2936 delectationem
1812 2867 1903 2958 cottiis

1124 2956 1155 3011 et
1170 2951 1327 3014 servorem
1339 2953 1602 3030 concupiscentiae
1610 2953 1741 3015 ratione
1753 2949 1901 3012 moderari

1123 3047 1187 3090 non
1204 3034 1318 3109 potest.
1330 3029 1389 3091 Sed
1404 3030 1437 3090 in
1453 3033 1537 3091 statu
1551 3030 1745 3093 innocentiae
1760 3027 1837 3092 nihil
1850 3026 1901 3086 liu·

1120 3107 1259 3188 jusmodi
1273 3107 1394 3182 luisset,
1407 3108 1494 3187 quod
1508 3109 1632 3170 ratione
1647 3127 1715 3172 non
1732 3107 1901 3168 moderare·

1123 3195 1193 3260 tur3
1216 3205 1281 3248 non
1295 3187 1373 3265 quia
1386 3191 1470 3248 esset
1483 3187 1588 3249 minor
1603 3187 1776 3250 delectatio
1792 3199 1899 3246 secun

285 3280 371 3325 nam.
393 3265 477 3344 Ergo
492 3267 525 3327 in
542 3269 627 3329 statu
641 3265 830 3328 innocentiae
846 3264 956 3325 inisset
969 3282 1073 3344 gene-
1123 3262 1198 3326 ddni
1208 3283 1350 3336 sensnm,
1362 3269 1398 3326 ut
1411 3264 1540 3342 quidam
1554 3265 1662 3326 dieunt
1676 3266 1685 3346 (
1701 3266 1813 3327 inisset
1826 3259 1899 3322 enini

285 3341 369 3404 ratio
383 3361 441 3423 per
452 3347 582 3406 coitum.

1123 3343 1212 3406 tantd
1222 3343 1326 3423 major
1334 3342 1502 3405 delectatio
1512 3341 1819 3423 sensibilis,quantd
1828 3341 1899 3400 esset

324 3419 1073 3501 Respondeodicendumquddquidamantiquo-
1122 3423 1239 3500 purior
1248 3425 1542 3499 naturu,eteorpus
1552 3421 1654 3502 magis
1666 3412 1897 3500 sensibile);sed

284 3515 356 3560 rum
371 3500 548 3574 doctorum,
562 3499 799 3562 considerantes
810 3499 1073 3577 eoncupiscentia
1123 3500 1200 3578 quia
1211 3500 1259 3561 vis
1274 3499 1529 3578 concupiscibilis
1542 3496 1605 3561 non
1621 3502 1666 3563 ita
1680 3493 1856 3566 inordinate
1869 3509 1898 3554 se

284 3575 466 3650 ioeditateni,
484 3595 557 3657 quae
570 3579 733 3640 invenitur
747 3579 780 3638 in
793 3579 878 3639 coitu
893 3578 924 3637 in
939 3577 998 3638 isto
1009 3583 1073 3640 sta·

284 3658 331 3745 tu,
345 3662 522 3733 posuerunt
536 3655 621 3747 qudd
640 3657 673 3717 in
690 3660 779 3749 'statii
797 3656 985 3717 innocentiae
1006 3673 1072 3748 non
1123 3658 1233 3750 gulata
1243 3675 1299 3749 per
1313 3657 1470 3718 rationem
1482 3677 1497 3750 ς.
1509 3657 1549 3750 ad
1568 3674 1667 3735 quam
1691 3675 1757 3720 non
1768 3650 1893 3794 qiertinei

286 3731 570 3814 inissetgeneratio
583 3738 779 3812 percoitum.
794 3734 882 3796 Unde
898 3734 1071 3813 Gregorius
1123 3740 1159 3796 ut
1173 3743 1213 3797 sit
1229 3753 1335 3795 minor
1354 3735 1519 3797 delectatio
1541 3755 1573 3796 iii
1597 3754 1708 3811 sensu,
1732 3753 1766 3798 se

283 3809 447 3890 Nyssenus
458 3811 532 3872 dieii
545 3813 577 3874 iii
593 3811 647 3872 lib.

284 3967 572 4048 tiplicatumgeiius

538 3889 544 3906 ι
663 3830 760 3950 quem
780 3811 851 3904 iecit
865 3810 902 3904 de
914 3811 1070 3887 Homine,

283 3904 354 3966 cap.
370 3891 419 3962 17,
434 3889 520 3969 qudd
536 3909 569 3953 in
580 3907 662 4029 qqara
684 3907 733 3952 iso
749 3891 840 3982 aliter
855 3889 966 3983 inisset
982 3891 1072 3984 inul7
1259 3971 1265 3985 .
1314 3969 1320 3984 .
1394 3971 1400 3984 .
1549 3969 1555 3984 .
1617 3971 1624 3988 ·
1682 3972 1689 3986 ⁸

603 3986 769 4042 umanum,
778 3973 861 4032 sicut
871 3969 1070 4046 multiplicati
1122 3985 1192 4032 ram
1206 3975 1358 4033 rationis:
1375 3973 1456 4032 sicul
1470 3971 1597 4032 sobrius
1615 3990 1649 4032 in
1662 3973 1735 4033 cibo
1749 3957 1890 4030 moderati

1123 3579 1291 3640 extulisset
1312 3596 1410 3656 super
1427 3578 1610 3659 hujusmodi
1631 3577 1838 3642 delectatione
1855 3588 1895 3632 re·

1803 3735 1835 3792 ut
1856 3725 1893 3788 ris

1123 3813 1378 3892 concupiscibilis
1398 3829 1462 3874 non
1483 3813 1691 3876 immoderate
1710 3803 1891 3876 delectationi

1122 3891 1287 3954 inhaereat.
1298 3892 1337 3952 Et
1348 3890 1630 3962 dicoimmoderett,
1639 3897 1772 3971 propter
1782 3899 1894 3950 mensu·

284 4047 1071 4127 suntangeliabsqueeoneubituperoperationem
1122 4052 1287 4128 assumpto
1302 4065 1366 4109 non
1383 4049 1538 4111 minorem
1556 4048 1652 4111 habet
1667 4044 1890 4111 delectationem

284 4123 399 4188 divinae
416 4126 557 4218 virtutis3
571 4132 602 4188 et
614 4128 690 4188 dicit
705 4126 790 4204 qudd
813 4127 897 4188 Deus
912 4132 986 4218 ante
999 4145 1072 4219 pee-

283 4205 389 4267 catum
406 4201 477 4267 tecit
489 4203 666 4267 masculum
680 4211 711 4266 et
725 4205 887 4276 feminam,
897 4222 1070 4282 respiciens
1122 4223 1219 4284 super

1122 4125 1219 4205 quim
1230 4117 1367 4266 qulosus‘
1370 4149 1379 4201 3
1393 4127 1446 4188 sed
1458 4125 1564 4190 mimis
1574 4127 1643 4208 ejus
1653 4115 1889 4214 concupiscibilis

1258 4205 1417 4287 uJusmodi
1438 4205 1645 4268 delectatione
1664 4202 1839 4284 requiescit.
1858 4193 1888 4254 Ei

284 4279 325 4342 ad
339 4282 468 4343 modum
483 4285 697 4362 generationis
715 4284 771 4362 qui
785 4283 910 4344 iuturus
923 4288 1071 4362 eratpost
1121 4283 1183 4345 hoc
1206 4289 1322 4347 sonant
1335 4285 1434 4345 verba
1455 4285 1636 4362 Augustini,
1653 4284 1779 4346 inducta
1792 4279 1821 4340 in
1836 4273 1888 4334 ine

284 4361 460 4435 peecatum,
477 4361 567 4439 eujus
582 4363 667 4423 Deus
683 4362 833 4440 praescius
844 4367 924 4423 erat.

1122 4379 1230 4441 corp,
1244 4359 1344 4440 quaed
1361 4365 1444 4424 statu
1454 4363 1643 4425 innocentiae
1656 4379 1721 4425 non
1734 4351 1886 4424 excludunt

323 4436 1070 4503 Sedhocnondiciturrationabiliter.Eaenim
1121 4439 1372 4519 magnitudinem
1404 4439 1643 4517 delectationis,
1673 4442 1728 4502 sed
1759 4435 1885 4501 ardorem

283 4516 1071 4595 quesnotnaturaliahomini,nequesubtraliun-

283 4596 347 4666 tur,
361 4610 465 4673 neque
479 4593 597 4657 dantur
612 4595 734 4656 bomini
744 4613 801 4673 per
814 4598 991 4673 peecatum.
1003 4597 1070 4658 lla-

1121 4517 1280 4588 libidinis,
1305 4522 1336 4580 et
1357 4518 1611 4596 inquietudinem
1637 4521 1747 4580 animi.
1769 4517 1805 4578 Et
1826 4503 1884 4569 idai

1121 4596 1316 4658 continentia
1332 4597 1366 4657 in
1387 4600 1472 4659 statu
1495 4597 1684 4660 innocentiae
1708 4615 1770 4658 non
1792 4585 1883 4653 fuissit

283 4671 433 4732 nitestum
452 4676 501 4734 est
518 4677 625 4735 autem
649 4673 733 4752 qudd
751 4672 871 4734 homini
895 4671 1069 4734 seeundum
1120 4675 1384 4752 laudabilisque
1396 4675 1581 4752 intempore
1594 4676 1655 4737 isto
1669 4677 1882 4742 laudatique

283 4749 457 4812 animalem
470 4750 579 4822 vitain,
596 4769 694 4830 quam
706 4751 801 4815 etiam
814 4755 887 4813 ante
904 4757 1069 4830 peecatum
1120 4757 1252 4832 propter
1272 4752 1428 4814 deiectum
1450 4751 1677 4828 foecunditatis,
1699 4753 1753 4818 sed
1774 4747 1881 4832 propter

282 4825 433 4904 babebat,
452 4832 488 4890 ut
509 4846 606 4908 supra
626 4830 818 4906 dictumest,
833 4834 946 4908 quaest.
960 4849 1068 4913 prae,

282 4909 343 4968 art.
358 4906 388 4980 3,
399 4909 546 4970 naturale
561 4912 609 4970 est
621 4927 774 4988 generare
789 4928 847 4988 per
862 4909 991 4982 coitum,
1001 4911 1070 4972 sic-

282 4987 320 5042 ut
344 4987 376 5044 et
397 4986 517 5049 caeteris
545 4987 738 5050 animalibus
768 4988 934 5066 perlectis3
956 4993 988 5049 et
1010 4989 1069 5050 boc

1120 4833 1328 4892 remotionem
1340 4829 1526 4894 inordinata
1537 4831 1686 4893 libidinis.
1698 4833 1784 4894 Tunc
1793 4827 1881 4888 autem

1121 4909 1233 4972 suisset
1247 4908 1432 4971 iucunditas
1444 4911 1566 4987 absque
1579 4910 1722 4972 libidine.

1160 4989 1206 5049 dd
1219 4994 1369 5066 quartum
1383 4987 1552 5050 dicendum
1571 4989 1674 5066 qudd,
1691 4990 1769 5053 sicut
1783 4985 1880 5072 Augu*

282 5059 446 5129 declarant
466 5066 628 5128 naturalia
644 5069 787 5129 membra
806 5066 845 5128 ad
864 5067 951 5130 hunc
972 5084 1068 5128 usum
1120 5067 1223 5129 stinus
1246 5067 1332 5139 dicit,
1347 5064 1384 5127 tt
1407 5066 1445 5128 de
1464 5065 1557 5128 Civit.
1575 5067 1644 5143 liei,
1663 5084 1733 5146 cap.
1751 5063 1796 5136 ab,
1811 5067 1879 5144 titt}l

282 5137 445 5216 deputata.
467 5143 506 5204 Et
529 5144 599 5206 ideb
620 5161 684 5205 non
712 5149 760 5207 est
786 5145 954 5206 dicendum
982 5145 1068 5224 qudd
1120 5145 1275 5208 med.:1n
1292 5146 1346 5207 itte
1360 5143 1543 5206 statunuttit
1558 5142 1877 5226 correptioneirttttt·

283 5219 486 5281 nsushorum
497 5224 712 5292 membrorum
720 5223 916 5284 naturalium
925 5239 988 5284 nori
997 5225 1070 5286 tuis
1121 5225 1194 5286 tetis
1208 5223 1426 5304 inpenderetur
1441 5224 1555 5303 gremio
1571 5225 1702 5286 meriton
1715 5219 1825 5286 neni·
1837 5211 1878 5271 iit

284 5303 334 5358 set
347 5304 421 5360 ante
437 5306 613 5377 peceatum,
630 5303 712 5365 sieut
725 5306 756 5364 et
770 5306 956 5364 caeterorum
970 5321 1069 5365 mem-

283 5371 427 5440 brorum.

323 5453 1068 5536 Suntigiturincoituduoeonsiderandaseeun-

1121 5304 1200 5365 enim
1212 5303 1320 5383 potuit
1339 5310 1427 5364 utero
1448 5303 1608 5382 conjugis,
1626 5302 1712 5364 solco
1727 5292 1876 5383 integritati

1119 5382 1244 5462 feminei
1265 5380 1410 5460 genitotis
1431 5381 1523 5442 uirile
1546 5399 1646 5442 sunere
1662 5377 1790 5444 immitti,
1813 5370 1875 5430 titii

1120 5477 1204 5528 arrae
1218 5467 1330 5540 potest,
1346 5458 1447 5520 eddom
1454 5459 1633 5538 integritate
1644 5459 1748 5528 snut,
1762 5471 1795 5517 ee
1805 5456 1875 5509 eterr

283 5529 360 5594 diim
371 5541 559 5612 praesentem
575 5541 704 5600 statum.
720 5539 825 5600 Unum
843 5539 928 5616 quod
947 5543 1068 5602 natura
1119 5539 1255 5619 cirpinie
1275 5537 1381 5618 flueren
1408 5537 1561 5600 menstrui
1586 5515 1874 5603 spiramenti

281 5615 342 5683 est,
369 5614 490 5676 seilicet
509 5617 691 5696 conjunctio
708 5617 806 5679 maris
830 5621 861 5678 et
879 5617 1003 5679 leminea
1028 5617 1068 5680 ad
1120 5619 1201 5680 enim
1216 5615 1257 5678 od
1271 5613 1458 5693 pariendum
1472 5632 1538 5676 non
1551 5613 1672 5679 deteris
1688 5615 1818 5696 gemitui.
1834 5591 1873 5660 iti

283 5691 513 5768 generandum.
531 5695 666 5764 inomni
685 5697 770 5760 enim
785 5695 991 5774 generatione
1012 5713 1069 5758 re·

1119 5695 1310 5762 maturitatis
1334 5695 1483 5776 inpulerit
1499 5695 1630 5776 [eminio
1643 5697 1759 5760 risone
1769 5685 1871 5752 reteri·
