4008 6330
321 369 616 516 PETRI
662 367 1195 519 LOMBARDI
1222 369 1503 516 'vltra

818 617 955 696 ηρ

138 795 326 884 numquam
341 803 425 867 Petri
439 799 609 867 Lomhardi
623 803 845 900 biographiam
858 803 1079 880 exhibeamus,
1090 805 1183 870 liceat
1194 807 1312 870 laboris
1321 825 1417 888 quem
1428 827 1542 876 nnnca
1566 813 1728 892 gradimur

102 887 243 947 rationes
258 884 371 963 paucis
386 900 560 962 exponere,
574 899 656 962 quas
669 903 696 946 ss
712 885 763 945 rel
777 882 945 946 minimdm
958 884 1124 946 attendant
1138 885 1291 962 lectores,
1305 889 1424 952 nullius
1439 891 1530 952 nobis
1545 830 1726 956 delaturam

103 963 367 1032 assentationem,
379 961 447 1024 lieo
461 961 607 1042 juvante,
622 961 742 1024 intimis
755 959 936 1056 praecordiis
949 961 1148 1024 confidimus.
1162 963 1255 1024 latito
1267 965 1386 1028 scilicet
1396 967 1414 1030 d
1424 969 1628 1032 nobisCarrn
1642 970 1726 1034 thaa-

103 1043 216 1120 taqr'co,
229 1039 471 1119 perfectissimis
485 1040 629 1100 omnium
640 1041 827 1122 tractatibus
839 1040 1014 1114 elaborato,
1026 1042 1143 1102 mirum
1157 1039 1234 1104 sane
1246 1045 1278 1104 et
1287 1043 1502 1126 incongruens
1513 1046 1618 1110 visum
1629 1055 1724 1122 esset,

105 1121 128 1180 si
143 1121 368 1198 theologorum
382 1119 485 1196 princi
511 1135 543 1180 es
561 1117 652 1182 nulld
670 1137 712 1181 ex
728 1123 819 1198 parte
833 1118 1069 1198 apparuissent.
1085 1118 1308 1199 Opportunum
1322 1141 1357 1184 er
1379 1140 1447 1186 oac
1463 1126 1556 1203 quasi
1571 1143 1727 1190 necessa-

105 1200 188 1258 rium
203 1197 356 1260 duximus
378 1197 462 1258 Petri
505 1197 648 1260 ambardi
670 1202 811 1276 quatrmr
830 1195 1064 1259 Sententiarum
1082 1198 1201 1272 libros,
1222 1141 1401 1263 necnonffl.
1414 1203 1543 1266 Thomu
1556 1204 1725 1282 Aquinatis

105 1279 259 1356 Summam
275 1293 318 1336 ex
336 1274 462 1354 integro
480 1275 650 1348 recudere,
668 1275 825 1368 stupenda
837 1273 967 1354 prorsuis
981 1292 1098 1355 opera,
1116 1294 1253 1354 quorum
1270 1278 1359 1356 prius
1376 1283 1475 1342 totam
1490 1282 1652 1360 Europam
1668 1302 1727 1364 per

105 1359 230 1415 eentum
248 1357 281 1415 et
293 1353 530 1434 quinquaginta
543 1370 646 1416 annos
662 1357 748 1416 rexit
762 1370 801 1417 aa
813 1353 852 1416 l).
867 1354 1023 1417 Thomam
1041 1355 1181 1434 peperit3
1195 1357 1354 1434 posterius
1371 1359 1460 1432 verb,
1474 1377 1586 1439 nempe
1600 1361 1727 1424 Samma

106 1432 311 1510 theologica,
329 1449 372 1493 ex
394 1448 460 1510 quo
484 1432 518 1492 in
538 1433 643 1494 locem
662 1432 746 1496 edita
764 1433 835 1508 est„
850 1435 950 1494 totam
966 1431 1129 1512 Europam
1147 1451 1205 1514 per
1221 1435 1414 1516 quingentos
1436 1453 1538 1500 annos
1556 1439 1738 1506 continuos.

106 1513 198 1583 rexit,
210 1527 391 1588 omnesque
407 1510 639 1589 subsequentes
654 1511 818 1590 theologos
831 1511 964 1589 peperit.
981 1511 1058 1586 Qua
1073 1507 1146 1574 edm
1163 1513 1206 1576 ita
1223 1513 1303 1586 sint,
1318 1515 1346 1576 si
1359 1515 1581 1595 theologorum
1595 1533 1723 1599 agmen,

106 1590 230 1650 omissis
245 1590 340 1650 Petro
355 1588 534 1650 Lombardo
553 1604 592 1652 ac
609 1589 646 1651 D.
669 1588 804 1662 Thomd,
821 1587 1102 1668 produxissemus,
1118 1591 1221 1660 rivos,
1236 1595 1273 1652 nt
1288 1592 1391 1664 aiunt,
1408 1593 1477 1656 sine
1495 1594 1592 1668 tonte,
1608 1611 1724 1676 corpus

107 1671 172 1728 sine
185 1667 292 1746 capite
303 1667 524 1728 edidissemus.
540 1667 707 1740 Quodnam
719 1667 804 1730 enim
818 1683 900 1746 opus
914 1667 1022 1728 theoto
1046 1668 1128 1730 'eum
1138 1669 1180 1730 ah
1193 1669 1242 1730 his
1259 1670 1368 1752 inclyti
1379 1671 1566 1736 Parisiensis
1583 1675 1724 1754 episcopi

106 1749 136 1806 et
149 1747 298 1806 Doctoris
313 1745 458 1824 angelici
475 1747 626 1822 operibus
638 1746 796 1819 alienum,
809 1761 869 1808 nec
879 1745 999 1806 omnim
1042 1763 1068 1808 a
1085 1763 1196 1808 eorum
1213 1748 1411 1812 orthodoxiae
1425 1750 1573 1812 innixum
1589 1749 1723 1816 'actitari

106 1826 226 1901 potest?
248 1824 328 1898 Quis
348 1823 514 1904 theologus
527 1819 594 1884 tdm
608 1825 759 1902 antiquus
774 1822 846 1886 cim
857 1839 981 1897 reeens,
992 1825 1166 1902 gallicusve
1177 1829 1234 1888 aut
1245 1829 1386 1900 exterus,
1397 1827 1469 1892 illos
1482 1832 1581 1908 tanqu
1605 1850 1635 1890 m
1649 1849 1725 1893 snos

107 1902 498 2044 attentiusetsi
511 1899 1228 2044 ‘statibilitatemtitillat
1240 1905 1395 2045 ..agap
1409 1905 1525 2045 naq..
1538 1907 1598 1970 ..n
1610 1926 1726 2050 ‘iii'

106 2065 177 2118 runt
193 2063 252 2120 aut
276 1999 361 2120 intler
383 2061 474 2121 retati
484 1997 579 2134 'sinc
592 1998 773 2120 autgcorum
786 2057 925 2140 vestigiis
938 2059 1131 2122 institerunt.
1145 2059 1184 2124 Ul
1195 2001 1273 2124 ιῗιὲ
1284 2001 1557 2142 ιίἰᾷυἰὲυαιιῗιῖιίθίἳι
1564 2004 1727 2138 difflue]

106 2139 206 2198 ceteri
218 2078 488 2277 amtqeqlsseolqgi
502 2133 522 2199 d
535 2137 662 2200 nemine
674 2133 800 2216 penitis
811 2139 843 2200 ct
853 2135 1089 2200 absolutissimi
1102 2139 1341 2220 intelliguntur,
1357 2141 1420 2204 nisi
1436 2137 1584 2282 aquibus
1599 2145 1727 2207 utrius-

105 2233 163 2292 que
215 2235 260 2278 res
298 2234 318 2276 n
336 2234 435 2278 rssrmr

106 2235 221 2373 pagiffis
233 2295 289 2356 vel
302 2294 517 2366 adducuntur,
532 2294 579 2355 vel
593 2292 798 2368 evolvuntur,
812 2293 864 2355 vel
874 2293 940 2372 iarn
953 2293 1049 2374 plani
1061 2295 1204 2374 inspecta
1216 2302 1453 2376 supponuntur.
1466 2298 1507 2360 Et
1518 2299 1586 2362 baec
1597 2301 1726 2364 illorum

105 2391 173 2432 enm
184 2371 334 2435 Ecclesia
346 2371 538 2446 similitudo,
552 2371 644 2452 cujus
657 2373 752 2434 ambo
765 2371 834 2434 due
847 2371 1035 2434 firmissimas
1048 2379 1125 2434 sunt
1136 2375 1308 2448 columne,
1322 2381 1358 2438 ut
1370 2393 1443 2438 cum
1455 2376 1494 2440 ed
1506 2377 1657 2441 doctrinm
1670 2379 1724 2440 in-

105 2450 373 2513 detenibilimtem
385 2450 524 2529 quodam
539 2450 632 2510 modo
645 2451 846 2530 participent.
860 2449 938 2524 eris
950 2449 1037 2512 enim
1051 2467 1115 2512 non
1129 2452 1274 2524 miretur,
1291 2453 1365 2516 edm
1385 2458 1458 2534 post
1475 2461 1598 2534 septem
1614 2463 1728 2520 octove

104 2530 229 2602 secula,
250 2529 650 2607 vetustateoblivionrque
667 2533 732 2590 tam
750 2529 840 2590 multi
862 2531 1009 2590 auctores
1030 2529 1246 2603 exoleverint,
1268 2529 1329 2594 hic
1351 2549 1465 2612 nempe
1476 2533 1515 2596 de
1529 2533 1628 2598 causa
1639 2536 1726 2614 qudd

106 2606 350 2686 apresentibus
364 2625 473 2668 rernm
485 2607 642 2686 adjunctis
656 2607 772 2682 alieni,
790 2605 929 2684 plurima
943 2623 983 2668 ex
996 2611 1087 2686 parte
1098 2607 1257 2682 deficiant,
1270 2625 1309 2672 ac
1321 2609 1456 2690 sepiis,
1473 2629 1531 2690 pro
1547 2616 1729 2692 temporum

104 2688 239 2756 ratione,
255 2691 327 2750 arte
339 2683 449 2748 critica
459 2685 579 2765 judicio
603 2703 644 2746 ne
657 2689 801 2756 careant;
815 2685 900 2762 quis,
910 2686 1054 2764 inquam,
1065 2702 1129 2749 non
1147 2687 1281 2749 miretur
1292 2683 1352 2752 hdc
1365 2687 1475 2752 nostri
1487 2695 1579 2753 aetate
1591 2693 1729 2753 Senten-

108 2766 221 2824 tiarum
231 2766 347 2838 libros,
356 2765 576 2842 Summamque
613 2761 803 2843 heaiaqicam
812 2763 916 2842 primo
925 2781 1050 2843 semper
1060 2765 1235 2844 iuventutis
1248 2765 1337 2840 tiore,
1346 2783 1384 2830 ac
1394 2768 1530 2846 pristina
1539 2770 1610 2834 vitm
1624 2771 1730 2850 pleni-

109 2841 972 2922 tudinerirescerelllovellnsnamquetbeologiaetiro,
984 2844 1067 2906 sicut
1078 2843 1727 2922 etdoctorsacrascientidexcultissimus,

107 2923 163 2984 bos
173 2921 306 2984 assidua
320 2939 417 2984 manu
430 2927 562 2986 vorsant
573 2926 756 3000 teruntque,
772 2922 813 2984 ab
826 2921 875 2984 his
888 2919 1038 2984 doctrine
1054 2921 1231 2984 rudimenta
1246 2923 1436 3004 percipiunt,
1455 2930 1487 2987 et
1503 2927 1729 2990 substantiales

108 3001 415 3072 hauriuntdelicias;
428 3003 486 3062 bos
496 2999 670 3078 pradicant
681 2999 715 3062 in
725 2998 843 3062 scholis
855 2999 1064 3077 professores,
1073 3001 1105 3061 in
1119 3002 1326 3064 concionibus
1340 3007 1519 3065 memorant
1530 3004 1627 3066 divini
1641 3007 1728 3067 verbi

99 3097 282 3156 precones,
292 3081 326 3139 in
335 3097 429 3141 sacro
441 3079 593 3140 tribunali
605 3077 703 3140 duces
716 3078 873 3140 hahentet
882 3077 1035 3140 invocant
1047 3079 1285 3151 confessarii,et
1296 3081 1351 3159 qui
1366 3083 1592 3144 controversiis
1607 3083 1730 3144 incum-

111 3159 196 3232 bunt,
205 3158 404 3221 validissima
413 3159 454 3219 ab
465 3157 515 3218 his
529 3161 677 3219 mutuant
687 3158 888 3236 argumenta.
901 3157 987 3216 Nihil
999 3157 1082 3234 apud
1093 3175 1147 3220 eos
1158 3159 1348 3228 obsoletum,
1362 3161 1442 3220 nihil
1456 3159 1616 3222 infirmum
1630 3179 1731 3240 repe-

110 3237 169 3298 rias
185 3257 192 3296 :
206 3239 250 3300 ah
263 3234 390 3315 integra
402 3253 514 3298 eorum
525 3236 661 3298 lectione
675 3253 731 3296 car
743 3235 886 3297 suaviter
896 3235 1105 3308 demulcetur,
1119 3235 1310 3308 animusque
1322 3237 1483 3299 fructuosi
1497 3239 1676 3300 instruitur.

144 3317 236 3378 Nunc
248 3315 288 3378 ad
302 3317 429 3378 Petrum
441 3313 656 3376 Lombardum
668 3313 776 3380 redeat
788 3314 892 3374 oratio
906 3313 961 3393 (1).
1642 3383 1646 3390 ί

109 3401 114 3408 “
146 3397 271 3457 Parnes
291 3395 485 3455 musianus
500 3392 730 3474 (cognomento
743 3393 906 3454 blnorsrsn
920 3389 1189 3472 Sssrenmnnau)
1204 3391 1371 3454 lombardi
1385 3394 1513 3455 nominc
1526 3398 1657 3458 vocatus
1670 3402 1729 3470 est,

111 3475 190 3572 quod
204 3491 272 3534 non
285 3471 381 3553 longe
393 3469 412 3535 a
425 3470 611 3535 Novariensi
626 3471 753 3533 civitate
766 3471 799 3530 in
812 3469 1035 3551 Langobardid
1046 3469 1079 3531 in
1093 3471 1196 3531 lucem
1209 3471 1311 3533 editus
1325 3477 1384 3534 est.
1404 3472 1544 3534 Primdm
1557 3473 1730 3538 canonicus

110 3553 334 3626 tarnatensis,
349 3550 439 3614 tanti
455 3550 593 3612 nominis
613 3549 706 3612 laude
724 3545 856 3614 Lutetia
875 3547 1070 3612 Parisiorum
1091 3549 1256 3620 inclaruit,
1271 3553 1305 3610 ut
1325 3551 1528 3624 scholiastes,
1543 3569 1600 3614 seu
1614 3552 1730 3616 schola

110 3629 297 3693 l‘arisiensis
311 3649 427 3708 preses
440 3631 572 3702 electus,
585 3629 660 3691 dein
673 3628 712 3691 ad
726 3625 867 3707 ejusdem
880 3629 969 3689 urbis
983 3628 1201 3706 episcopatum
1220 3633 1348 3691 evectus
1362 3629 1457 3692 tuerit
1471 3649 1478 3690 ι
1492 3647 1596 3708 quam¹
1603 3632 1732 3709 quidem

109 3711 339 3788 amplissimam
353 3709 537 3789 dignitatem
550 3707 763 3845 dentegaverat
774 3705 1116 3846 {hilgppusqlsqdoqici
1137 3707 1243 3800 Crassi
1258 3707 1361 3848 tiliug³¹
1368 3723 1407 3770 aa
1424 3707 1730 3802 Ludoviciuluuioris

110 3789 786 3942 itmstas„tesamenti
803 3801 984 3956 asan
996 3790 1731 3956 annaucresceremus

109 3947 190 4006 diem
202 3946 284 4008 obiit
296 3961 383 4006 anuo
395 3943 489 4014 lldls,
503 3941 623 4006 aterna
635 3943 755 4020 praesul
767 3945 974 4004 veneratione
986 3942 1101 4022 dignus
1113 3987 1121 4015 ,
1135 3944 1190 4022 qui
1204 3943 1359 4006 creditum
1372 3943 1433 4006 sibi
1446 3961 1574 4024 gregem
1586 3944 1730 4009 doctrina

109 4025 204 4086 simul
218 4027 249 4084 et
261 4023 416 4102 exemplis
430 4023 603 4084 informare
616 4019 714 4100 quarn
726 4020 864 4083 maxime
877 4021 1010 4082 idoneus
1024 4021 1139 4083 extitit.

110 4108 115 4116 '
148 4103 268 4164 Omnes
283 4099 352 4180 ejus
374 4101 552 4163 Sententiae
565 4099 705 4173 nbrunt,
719 4099 752 4160 in
770 4099 887 4176 quibus
901 4104 1015 4161 auctor
1028 4099 1081 4162 ille
1093 4100 1252 4162 universas
1265 4099 1434 4178 theologice
1447 4117 1605 4162 summam
1618 4121 1659 4164 ex
1672 4119 1731 4163 sa—

110 4183 171 4243 cris
184 4181 314 4242 Litteris
328 4181 360 4241 ct
372 4179 624 4242 orthodoxorum
634 4181 763 4241 Petrum
773 4178 851 4239 locis
860 4195 898 4240 ac
909 4178 1044 4241 decretis
1055 4179 1192 4240 mirabili
1204 4177 1390 4256 compendio
1400 4184 1532 4257 arteque
1545 4179 1731 4259 complexus

109 4265 171 4333 est,
192 4263 226 4322 et
244 4263 434 4338 apparentes
448 4259 481 4320 in
495 4258 533 4319 iis
546 4257 776 4336 discrepantias
789 4255 878 4318 clard
891 4257 1039 4320 methodo
1051 4273 1090 4320 aa
1101 4256 1257 4336 singulari
1271 4255 1426 4319 sermonis
1443 4257 1604 4334 luciditate
1621 4261 1732 4320 canci-

109 4337 310 4432 liavit-illud
327 4342 435 4400 autem
453 4339 542 4399 tanto
562 4355 712 4430 successu
732 4337 872 4415 peregit,
891 4340 929 4397 ut
944 4335 1205 4430 agitatasuinanis
1221 4335 1393 4398 dialectica
1411 4335 1629 4430 cavillationes
1649 4337 1732 4416 pend

108 4414 1733 4586 tittttnlsstl‘tlttttt.:ttttlt‘ttlttf‘thttttttlnt*illnltttttttt‘tltitts

111 4577 209 4636 verba
229 4573 383 4656 Magistri
403 4573 534 4654 jurandi
556 4573 754 4636 consuetudo
773 4573 858 4652 apud
881 4590 992 4634 omnes
1014 4573 1161 4636 invaluit.
1184 4573 1320 4648 Quidam
1336 4575 1441 4635 tamen
1461 4573 1600 4634 deiectus
1618 4573 1653 4634 in
1672 4513 1733 4636 Boc

108 4671 205 4732 opere
217 4658 407 4714 accurrunt:
416 4653 549 4714 celebris
561 4669 675 4730 nempe
686 4651 865 4730 theologus,
875 4651 1002 4713 omissis
1015 4651 1189 4746 aliquando
1202 4651 1310 4730 magni
1323 4654 1475 4712 momenti
1487 4652 1730 4729 questionibus,

469 2217 587 2277 actoris
606 2231 704 2294 opera
716 2213 806 2294 pride
819 2221 1080 2294 praenoscuntur,
1099 2218 1220 2296 quippe
1239 2235 1310 2297 quse
1326 2221 1368 2282 ab
1388 2220 1474 2281 omni
1497 2237 1536 2284 us
1555 2223 1644 2284 omni
1662 2221 1728 2285 lerd

108 4732 265 4811 plurimas
277 4729 338 4793 sud
350 4731 478 4808 quidem
491 4733 582 4793 aetate
596 4747 721 4810 graves,
733 4729 843 4792 nostrd
853 4729 931 4792 verb
942 4727 1058 4808 sepitis
1072 4731 1201 4794 mutiles
1212 4727 1396 4804 evolvit,ac,
1405 4725 1480 4789 dnm
1490 4745 1603 4791 sensus
1614 4729 1732 4810 ligura·
1848 4739 1849 4742 ’

109 4818 156 4871 tos
169 4809 424 4888 argumentando
458 4810 654 4887 rosequitur,
668 4807 767 4870 tirmis
781 4809 943 4870 rationum
955 4809 1123 4870 momentis
1133 4807 1248 4888 dogma
1261 4811 1418 4870 assertum
1430 4807 1574 4870 stabilire
1588 4825 1609 4868 n
1652 4809 1731 4886 tigit.

109 4891 182 4950 llaec
193 4888 272 4950 verb
285 4887 363 4949 vitia
375 4829 576 4950 tacifdletro
589 4885 867 4961 condonabuntur,
881 4886 907 4948 si
921 4885 961 4948 ad
972 4889 1096 4964 tempus
1109 4903 1175 4980 quo
1187 4886 1269 4948 vixit
1279 4885 1480 4966 respiciatur,
1494 4889 1526 4946 et
1538 4887 1625 4948 atten
1668 4892 1732 4960 tur,

108 4985 200 5040 cnm,
214 4967 241 5029 si
261 4981 363 5027 unum
380 4966 489 5027 forsan
502 4968 534 5026 et
546 4967 682 5028 alterum
695 4965 857 5044 excipias,
872 4967 971 5026 totam
986 4963 1179 5044 theologiam
1194 4963 1225 5026 in
1238 4981 1341 5026 unum
1352 4967 1445 5050 quasi
1460 4979 1576 5040 corpus
1593 4963 1732 5040 primum

109 5045 322 5107 contraxisse.
337 5045 401 5122 lpsi
414 5043 723 5126 insuperUnonnullm
736 5045 974 5122 exprobrantur
986 5042 1153 5122 opiniones
1172 5053 1245 5117 quae
1272 5040 1314 5099 ab
1341 5039 1490 5103 omnihus
1519 5039 1733 5104 communiter

112 5135 177 5178 nou
198 5121 368 5188 tenentur;
391 5123 420 5178 et
439 5118 488 5184 hm
504 5111 666 5190 quidemst
681 5115 773 5174 nabis
790 5131 830 5172 aa
848 5125 969 5172 calcem
985 5120 1091 5190 operis
1109 5117 1192 5180 intra
1208 5117 1430 5193 subjicientur.

147 5198 267 5259 Prsetm
278 5193 361 5254 Petri
374 5193 545 5254 Lonibarai
559 5191 750 5264 Sententiae,
764 5191 876 5254 extant
887 5187 1029 5272 ejusdem
1041 5189 1271 5256 Commentario
1282 5195 1317 5254 in
1330 5193 1483 5266 Psatmar,
1493 5189 1635 5266 Parisiis,
1645 5188 1733 5267 latr,

111 5275 236 5348 in-iol.,
250 5275 281 5335 et
293 5271 329 5333 in
345 5269 512 5352 Epistatas
523 5270 629 5344 Pauli,
644 5269 731 5345 1537,
745 5269 860 5332 ln-lol.

143 5397 186 5474 (l)
196 5383 234 5453 b.
243 5395 355 5454 Thomae
372 5391 511 5464 aquinatis
523 5392 602 5449 sitam
615 5392 681 5448 inira
698 5391 889 5458 describemus,
902 5389 1009 5470 cdmsnd
1024 5389 1082 5462 ejus
1094 5391 1430 5475 Samariam,deranerimus.
