3988 6344
245 325 299 386 gap
752 311 884 370 sturm
902 311 1133 374 rotomum
1151 312 1374 376 rauserias.
1896 323 1946 383 tto

286 436 374 504 Unde
395 433 503 502 missio
525 436 558 496 et
580 430 667 494 datio
692 428 726 489 in
745 427 862 494 (livinis
891 427 1051 498 dicuntur¹
1134 428 1197 492 Sed
1211 433 1386 494 contraest
1401 432 1488 512 quod
1500 433 1746 516 Augustinus
1763 432 1860 510 dicit,
1875 435 1895 500 3
1909 439 1947 503 ds

244 516 467 598 temporaliter
480 509 626 584 tantirm3
640 508 799 588 permotio
816 512 924 572 autern
936 514 967 572 et
978 509 1043 591 spi·
1094 508 1186 572 Trin.
1202 509 1349 652 §elicitur
1364 531 1407 575 ex
1425 530 1498 592 cap.
1514 513 1536 576 lc
1552 521 1642 595 ejus
1670 511 1738 578 lib.
1757 515 1843 580 circ„
1862 517 1943 597 tim),

246 599 330 662 ratio
349 593 453 659 solirm
475 595 516 656 ab
535 594 674 662 retern03
694 589 855 670 processio
885 591 993 651 autem
1012 591 1051 667 et
1095 588 1183 668 quod
1222 590 1347 670 piritus
1364 601 1493 654 coactus
1507 593 1688 675 procedit
1714 597 1944 674 temporaliter

248 678 352 740 exitus
375 676 526 736 dicuntur
543 672 576 732 in
594 668 710 732 divinis
727 673 758 732 et
775 669 988 741 internaliter,
1012 673 1045 732 et
1096 667 1138 730 od
1160 669 1418 750 sanctificandam
1441 682 1657 736 creaturam.
1675 672 1808 738 Missio
1836 683 1942 744 autem

245 755 570 836 temporaliter3nam
578 749 679 812 Filius
692 750 733 810 ab
744 753 864 810 aterno
874 748 1042 827 processit,
1096 751 1145 810 est
1162 749 1347 828 temporalis
1370 753 1547 829 processio.
1573 751 1676 816 Cum
1696 753 1813 834 igitur
1826 759 1943 820 sancti-

246 840 284 898 ut
299 829 691 910 sitDeus3temporalitcr
704 828 993 899 autem,utetiam
1003 829 1045 888 sit
1096 826 1203 889 ticatio
1229 833 1386 892 creature
1413 849 1480 894 non
1509 835 1557 896 sit
1591 832 1671 894 nisi
1710 851 1780 912 per
1804 836 1940 914 gratiam

247 916 347 978 homo
368 911 546 976 secundum
572 908 759 972 missionem
787 907 967 977 risibilem,
992 907 1045 969 vel
1097 910 1224 986 gratum
1238 907 1424 984 facientem,
1443 913 1606 991 sequitur
1626 911 1730 991 quod
1752 914 1873 976 missio
1891 917 1940 978 in·

249 995 346 1058 etiam
359 996 397 1055 ut
416 981 1045 1055 sitinhominesecundriminvisibilem
1096 986 1360 1080 risibilisdivinae
1376 1007 1619 1082 personaenon
1641 991 1778 1054 sitnisi
1791 1012 1855 1072 per·
1871 1013 1939 1076 gra·
1972 997 1973 1004 ’

248 1074 446 1138 missionem.
1097 1070 1174 1128 tram
1190 1073 1318 1146 gratum
1331 1067 1512 1132 facientem.

287 1152 336 1214 Ad
350 1152 491 1232 primum
500 1162 578 1229 ergo
590 1145 760 1210 dicendum
771 1143 856 1224 qubd
870 1144 1045 1226 Gregorius
1136 1146 1325 1226 Respondes
1365 1149 1534 1212 dicendum
1573 1149 1682 1229 quod
1710 1151 1844 1214 divinae
1866 1171 1938 1230 pcr-

249 1232 445 1314 loquiturde
457 1225 844 1373 {eneratiouotcmporali
857 1225 929 1286 Filii
945 1223 1047 1318 nond
1098 1242 1187 1288 sonae
1206 1227 1360 1310 convenit
1380 1228 1474 1301 mitti,
1500 1228 1711 1292 seeundirm
1731 1230 1826 1310 qubd
1854 1250 1934 1295 noro

248 1313 364 1384 Patre,
386 1310 441 1374 sed
507 1311 631 1380 matrc;
653 1308 705 1367 vel
724 1323 802 1384 quia
822 1323 863 1368 ox
886 1304 947 1372 boc
976 1323 1046 1383 rpso
1098 1304 1192 1366 modo
1217 1307 1325 1368 existit
1347 1305 1381 1369 in
1398 1308 1528 1387 aliqu03
1542 1309 1629 1372 dari
1650 1313 1799 1384 autern,
1819 1329 1934 1373 secon-

249 1391 352 1456 Filius
373 1391 471 1452 babet
487 1387 573 1468 qubd
592 1387 695 1466 possit
713 1385 813 1460 mitti,
834 1383 987 1464 quidest
1006 1386 1046 1447 ab
1098 1379 1173 1460 dum
1188 1385 1275 1462 quod
1296 1385 1433 1449 babetur
1449 1389 1490 1450 ab
1510 1388 1662 1467 aliqum
1688 1394 1856 1452 neutrum
1880 1409 1932 1454 au-

252 1476 372 1535 eterno
386 1469 527 1550 genitus.
1098 1464 1284 1525 lemborum
1297 1465 1415 1528 estnisi
1429 1463 1619 1531 secundum
1634 1469 1793 1548 gratiani
1808 1477 1929 1550 gratum
1973 1497 1974 1500 ¹

241 1605 244 1616 .
291 1549 339 1612 Ad
352 1543 807 1627 secundumdicondumqubd
820 1542 960 1606 divinam
974 1561 1047 1622 per-
1098 1541 1278 1604 facientem.
1296 1545 1353 1605 Est
1373 1546 1459 1608 enim
1478 1565 1565 1609 unus
1588 1547 1801 1610 communis
1822 1551 1928 1612 modus

252 1647 367 1692 sonam
379 1645 451 1690 esse
465 1644 551 1690 novo
570 1625 665 1686 modo
681 1626 714 1686 in
730 1623 852 1702 aliquo,
864 1621 916 1684 vel
930 1624 972 1684 ab
988 1623 1047 1682 ali·
1098 1623 1258 1700 quoDous
1270 1625 1361 1685 estin
1372 1626 1522 1687 omnibus
1534 1630 1649 1690 rebus
1662 1629 1924 1706 peressentiam‚

251 1726 318 1790 quo
341 1707 453 1772 haberi
484 1705 720 1785 temporaliter,
747 1721 812 1764 non
842 1705 890 1763 est
916 1705 1048 1783 propter
1099 1703 1274 1779 potentiam
1289 1708 1321 1765 et
1346 1706 1566 1782 praesentiam,
1587 1707 1687 1768 sicut
1702 1724 1814 1768 causa
1835 1709 1867 1768 in
1887 1709 1926 1768 ei-

251 1787 464 1851 mutationom
490 1785 606 1847 divinar
641 1800 804 1862 personia,
833 1781 888 1844 scd
914 1785 1047 1860 proptor
1098 1779 1232 1844 lectibus
1265 1783 1533 1862 participantibus
1571 1787 1780 1848 bonitatem
1816 1787 1921 1865 ipsius.

251 1867 464 1930 mutationem
474 1863 741 1938 creaturae3sieut
752 1867 784 1924 et
793 1863 878 1923 Deus
888 1863 1047 1939 tempora·
1099 1859 1202 1938 Super
1227 1860 1324 1922 istum
1348 1863 1479 1924 modum
1502 1868 1621 1927 autern
1644 1883 1865 1927 communem
1880 1871 1922 1928 est

251 1947 326 2009 liter
345 1946 462 2009 dicitur
490 1945 646 2006 Dominus
675 1949 808 2022 propter
835 1940 1047 2004 mutationem
1098 1955 1184 2001 unus
1210 1941 1379 2020 specialis,
1394 1942 1451 2020 qui
1473 1945 1638 2006 convenit
1661 1948 1803 2007 naturae
1823 1945 1920 2006 ratio-

253 2029 423 2089 creaturae.
1099 2020 1178 2094 nali,
1190 2019 1222 2079 in
1238 2019 1304 2098 qui
1315 2023 1400 2083 Deus
1411 2022 1528 2084 dicitur
1541 2039 1624 2085 esse
1644 2025 1740 2086 sicut
1760 2025 1916 2104 cognitum

294 2105 341 2167 Ad
360 2105 490 2167 tertium
505 2099 773 2180 dicendumqubd
789 2099 901 2162 missio
916 2116 982 2162 non
995 2116 1048 2160 so·
1099 2099 1134 2158 in
1159 2105 1389 2178 cognoscente,
1412 2105 1445 2164 et
1466 2109 1619 2166 amatum
1648 2105 1686 2164 in
1717 2109 1863 2166 amante.
1883 2103 1918 2162 Et

253 2181 322 2246 lrlm
343 2185 495 2263 importat
512 2182 752 2262 processionem
767 2179 786 2244 a
800 2178 976 2257 principio,
992 2176 1048 2240 sed
1098 2177 1176 2257 quia
1191 2180 1413 2258 cognoscendo
1430 2184 1462 2242 ct
1475 2182 1624 2245 amando
1645 2188 1809 2245 creatura
1823 2182 1916 2244 ratio-

253 2263 446 2326 determinat
457 2261 672 2342 processionis
691 2259 865 2322 terminum
879 2263 1049 2334 tempora·
1098 2257 1182 2319 nalis
1199 2255 1260 2321 sual
1270 2259 1458 2336 operatione
1470 2263 1604 2342 attingit
1615 2263 1662 2326 ad
1677 2263 1793 2342 ipsum
1807 2262 1914 2332 Deum,

252 2342 329 2404 lem.
345 2342 435 2406 Unde
451 2341 562 2402 missio
582 2337 688 2402 solum
708 2343 756 2402 est
777 2337 980 2415 temporalis,
997 2337 1049 2400 vel
1099 2334 1384 2399 secundirmistum
1400 2341 1571 2418 specialem
1583 2341 1734 2403 modum
1751 2341 1839 2401 Deus
1854 2357 1911 2400 non

252 2421 364 2484 missio
395 2419 528 2482 includit
556 2419 798 2513 processionem
823 2421 992 2490 uternam,
1017 2421 1049 2478 et
1100 2413 1467 2480 solrlmdiciturcssein
1485 2419 1646 2484 creaturi
1670 2420 1844 2491 rationali,
1861 2419 1908 2480 sed

253 2499 376 2579 aliquid
394 2500 499 2576 addit,
520 2499 641 2562 scilicet
658 2495 868 2577 temporalem
885 2494 1044 2558 ellectum.
1099 2495 1194 2558 etiam
1208 2496 1353 2560 babitare
1369 2497 1402 2558 in
1420 2499 1460 2562 ei
1476 2500 1559 2561 sicut
1576 2501 1615 2560 in
1637 2501 1771 2578 templo
1784 2515 1854 2560 suo.
1865 2497 1910 2558 Sic

252 2577 414 2654 Habitudo
424 2581 508 2642 enim
521 2579 637 2641 divium
646 2579 793 2658 personas
803 2575 842 2638 ad
853 2593 949 2638 suum
960 2574 1049 2654 prin·
1100 2574 1198 2654 igitur
1221 2576 1331 2638 nullus
1350 2577 1433 2640 alius
1454 2577 1587 2642 eiiectus
1608 2583 1727 2659 potest
1749 2595 1820 2640 esse
1833 2577 1905 2638 ratio

253 2659 373 2737 eipium
389 2663 518 2720 nonest
535 2657 598 2720 nisi
614 2659 655 2720 ab
667 2660 798 2719 aeterno.
813 2656 902 2718 Unde
919 2655 1048 2734 gemina
1099 2653 1187 2732 quod
1203 2655 1312 2718 divina
1328 2673 1468 2735 persona
1482 2658 1523 2722 sit
1539 2676 1630 2720 novo
1646 2659 1750 2720 modo
1768 2659 1801 2717 in
1817 2655 1905 2718 ratio-

252 2738 371 2801 dicitur
387 2738 568 2818 processio,
592 2743 713 2800 aeterna
733 2735 854 2798 scilicet
873 2737 906 2796 et
925 2740 1049 2812 tempo·
1100 2735 1167 2794 nali
1182 2733 1341 2808 creaturi,
1360 2735 1423 2797 nisi
1438 2741 1566 2816 gratum
1588 2738 1736 2800 iaciens.
1756 2736 1843 2798 Unde
1861 2749 1904 2796 se-

252 2818 349 2891 ralis;
380 2835 445 2879 non
463 2819 593 2897 propter
623 2816 685 2878 hoc
710 2813 797 2894 quod
822 2811 977 2876 habitudo
1008 2813 1047 2875 ad
1100 2811 1240 2875 cundirm
1267 2816 1371 2876 solam
1425 2817 1540 2878 ratiam
1569 2822 1711 2898 gratum
1742 2816 1902 2878 facientem

251 2897 446 2976 principium
466 2897 661 2976 geminatum
680 2895 736 2958 sed
753 2893 926 2974 geminatio
939 2895 987 2954 est
1007 2911 1049 2955 ex
1099 2893 1235 2955 mittitur
1254 2899 1287 2957 et
1304 2909 1400 2973 proce
1425 2895 1447 2956 't
1462 2897 1696 2976 temporaliter
1707 2911 1848 2976 persona
1860 2891 1901 2953 di·

253 2979 345 3056 parte
361 2977 488 3038 termini
505 2975 691 3054 temporalis
708 2977 739 3036 ot
751 2973 873 3036 interni.
1098 2971 1187 3034 vina.

252 3057 435 3118 Anniculus
453 3073 501 3116 ιιι.
513 3091 551 3100 -
565 3055 592 3118 U
595 3053 679 3115 ircim
692 3054 798 3116 missio
815 3050 985 3114 invisibilis
1000 3049 1049 3114 di·
1140 3051 1290 3115 Similiter
1313 3053 1392 3114 illud
1414 3051 1520 3116 solirm
1537 3055 1667 3117 habere
1685 3055 1826 3116 dicimur
1841 3065 1898 3128 quo

292 3135 372 3198 aino
390 3153 534 3216 persono
554 3134 596 3197 sit
617 3131 717 3195 solim
740 3129 910 3195 secundior
933 3131 1049 3192 donum
1099 3129 1201 3192 liberi
1214 3148 1384 3211 possumus
1401 3135 1466 3204 uti,
1485 3135 1537 3196 vel
1555 3134 1636 3196 irui.
1659 3135 1791 3196 Habere
1802 3133 1896 3192 autem

290 3214 402 3295 proiice
415 3224 549 3352 {rotam
591 3213 733 3276 scientis.
753 3247 791 3258 -
810 3211 857 3293 (1,
882 3210 956 3274 diso.
990 3208 1046 3284 lt,
1099 3215 1290 3288 potestatem
1305 3213 1431 3274 fruendi
1444 3213 1555 3278 divina
1570 3211 1724 3292 persona
1736 3217 1785 3274 est
1802 3205 1895 3271 solim

438 3303 525 3366 ,ort
544 3294 572 3354 1.
1100 3287 1277 3352 secundum
1289 3292 1426 3371 gratiam
1440 3297 1568 3374 gratum
1580 3293 1773 3355 facientem.

314 3302 399 3355 uest.

291 3313 340 3434 Sd
355 3373 485 3436 tertium
499 3373 545 3434 sio
560 3371 754 3452 proceditur.
771 3371 800 3432 1.
814 3367 948 3431 Videtur
961 3369 1048 3448 quod
1140 3369 1200 3432 Sed
1218 3376 1324 3432 tannen
1342 3371 1375 3434 in
1391 3372 1461 3450 ipso
1478 3372 1564 3434 dono
1576 3374 1696 3452 gratim
1710 3373 1834 3451 gratum
1849 3363 1892 3426 ia-

251 3452 363 3514 missio
384 3452 555 3514 invisibilis
568 3451 685 3513 divinae
699 3467 847 3529 personae
860 3467 925 3510 non
942 3449 983 3510 sit
995 3467 1048 3511 so·
1101 3447 1212 3511 cientis
1230 3450 1366 3528 Spiritus
1381 3456 1512 3513 sanctus
1530 3452 1687 3524 habetur,
1702 3456 1736 3512 et
1749 3445 1893 3510 inhabitat

250 3529 319 3592 liam
333 3529 509 3593 secundum
528 3530 647 3594 donum
659 3531 770 3610 gratias
785 3534 912 3610 gratum
930 3527 1049 3590 iacien-
1100 3528 1275 3589 bominem.
1290 3529 1379 3591 Unde
1395 3531 1531 3610 ipsemet
1544 3531 1688 3610 Spiritus
1703 3532 1830 3592 sanctus
1843 3523 1889 3584 da·

251 3610 304 3672 tis.
320 3610 470 3672 Divinam
485 3611 572 3672 enim
590 3626 763 3687 personam
779 3608 859 3669 mitti
876 3612 924 3669 est
943 3607 1047 3686 ipsam
1100 3612 1154 3670 tur
1169 3613 1200 3670 et
1214 3608 1363 3670 mittitur.

252 3687 378 3750 donari.
398 3689 429 3754 Si
445 3689 544 3786 igitur
557 3689 666 3751 divina
683 3703 823 3767 persona
838 3687 973 3749 mittitur
988 3705 1048 3748 so-
1140 3687 1187 3747 nl
1204 3687 1344 3765 primum
1369 3705 1446 3769 ergo
1470 3688 1643 3750 dicendum
1660 3686 1750 3768 quod
1766 3702 1822 3765 per
1834 3680 1887 3740 do-

250 3765 319 3828 lum
333 3768 510 3830 secundum
523 3767 609 3830 dona
621 3767 731 3848 gratiss
742 3769 872 3906 fframm
884 3764 1046 3840 incientis,
1100 3783 1178 3827 ιιιιιιι
1196 3767 1306 3846 gratioe
1318 3773 1445 3847 gratum
1459 3767 1606 3831 incientis
1629 3767 1797 3848 perficitur
1809 3775 1885 3823 crea·

251 3863 317 3908 nou
328 3846 500 3909 donabitur
512 3847 582 3925 ipsa
593 3864 731 3926 persona
764 3845 863 3918 ivina,
875 3845 928 3908 sed
943 3842 1048 3906 solim
1101 3849 1173 3908 tura
1186 3847 1354 3909 rationalis
1366 3848 1406 3909 ad
1423 3848 1484 3910 boc
1496 3847 1583 3925 quod
1598 3845 1703 3910 libere
1720 3863 1785 3906 non
1796 3834 1885 3929 solim}

251 3926 337 3991 dona
352 3926 439 4006 ejus;
460 3927 546 4005 quod
561 3931 608 3988 cst
623 3944 715 3988 error
748 3925 921 3987 dicentium
941 3923 1049 4004 Spiri-
1100 3924 1171 4002 ipso
1195 3925 1279 3986 dono
1303 3931 1411 3988 creato
1423 3933 1550 4000 utatur,
1563 3928 1620 3990 sed
1641 3932 1679 3990 ut
1698 3921 1767 4003 ipsi
1789 3921 1882 3980 «lirina

253 4010 322 4070 tum
339 4011 487 4070 sanctum
500 4025 564 4068 non
577 4007 664 4080 dari,
679 4004 734 4067 sed
749 4005 818 4098 eJ'us
831 4003 927 4066 dona.
1100 4003 1240 4081 personis
1253 4004 1395 4078 truatur3
1411 4011 1442 4069 et
1459 4005 1530 4066 loeo
1544 4007 1657 4068 ulissio
1675 3992 1883 4086 invisibilisfit

290 4085 320 4150 2.
348 4087 520 4159 Praeterea,
547 4086 615 4149 huc
639 4085 834 4163 praepositio
860 4083 1046 4153 secundior,
1100 4081 1277 4152 secundum
1302 4085 1421 4148 donum
1448 4086 1559 4164 gratim
1580 4093 1712 4165 gratum
1732 4080 1879 4144 iacientes

251 4166 382 4230 denotat
394 4165 613 4229 habitudinem
625 4165 762 4244 alicujus
774 4181 890 4226 causan.
902 4163 961 4226 Sed
975 4183 1048 4242 per·
1100 4167 1132 4224 et
1148 4167 1254 4224 tamen
1268 4165 1340 4242 ipsa
1356 4157 1495 4242 pe'rsona
1512 4163 1622 4228 divina
1640 4167 1746 4226 datur.

251 4263 333 4308 sona
349 4246 458 4308 divina
475 4250 522 4308 est
538 4261 638 4309 causa
654 4244 740 4325 quid
757 4243 915 4308 habeatur
927 4242 1047 4304 donum
1140 4241 1187 4303 Ad
1197 4243 1374 4304 secundum
1389 4244 1558 4306 dicendum
1580 4244 1668 4322 quod
1696 4239 1794 4322 gratia
1812 4247 1879 4312 grt-

252 4324 363 4405 gratim
378 4329 505 4420 gratum
522 4323 687 4397 inuentis,
706 4329 738 4386 et
752 4322 849 4384 nond
866 4341 1045 4396 converso,
1101 4323 1167 4380 turn
1191 4321 1311 4386 iaciens
1331 4323 1471 4400 disponit
1496 4325 1642 4385 animam
1658 4323 1699 4386 ad
1718 4311 1876 4402 trahendam

253 4403 431 4465 secundum
447 4403 523 4464 illud
539 4405 629 4465 llom.
648 4403 678 4474 5,
696 4402 892 4464 szitoritos
909 4403 967 4464 Dei
982 4401 1048 4483 difi-
1099 4399 1240 4464 divinam
1255 4419 1449 4478 personanu
1465 4409 1497 4464 et
1508 4402 1710 4481 significatur
1723 4399 1800 4462 hoc.
1815 4401 1876 4450 ΕΜ

250 4483 323 4564 suso
339 4490 381 4542 cst
396 4483 429 4544 io
445 4481 591 4544 cordibus
606 4483 724 4543 nostris
736 4501 793 4562 per
806 4483 963 4562 Spiritum
975 4501 1047 4543 sou·
1099 4479 1216 4542 dicitur
1243 4481 1328 4557 qubd
1346 4482 1482 4559 Spiritus
1507 4488 1638 4545 sanctus
1662 4482 1756 4543 datur
1773 4482 1875 4534 secun·

253 4571 352 4628 ctccm,
368 4562 423 4641 qui
437 4561 528 4624 dotus
542 4569 585 4622 cst
597 4559 698 4622 colis.
714 4561 800 4642 Ergo
818 4561 1048 4624 inconvenien-
1100 4555 1175 4620 dum
1190 4560 1310 4620 donum
1328 4564 1449 4640 gratiae.
1789 4628 1796 4645 ,
1854 4620 1860 4634 ,

253 4645 303 4703 ter
328 4638 444 4703 dicitur
463 4641 550 4719 quod
578 4658 718 4719 persona
735 4641 845 4703 divina
870 4637 1047 4702 sccundirm
1083 4697 1085 4701 ,
1139 4637 1199 4699 Sed
1219 4644 1326 4702 umen
1342 4642 1449 4718 ipsum
1465 4640 1587 4702 donum
1600 4641 1711 4720 gratim
1727 4637 1802 4721 esto
1817 4623 1874 4716 ‚59¹¹

252 4719 338 4784 dona
354 4721 464 4800 gratim
481 4723 607 4800 gratum
620 4720 764 4783 incientis
782 4721 938 4783 mittatur.
1099 4718 1165 4778 ritu
1182 4723 1311 4792 sanctor
1334 4725 1366 4781 et
1383 4721 1443 4782 boc
1460 4719 1661 4798 significatur
1682 4716 1752 4780 clm
1773 4708 1870 4796 dicitur

292 4799 322 4861 3.
341 4801 509 4871 Proetorea,
522 4801 721 4880 Augustinus
740 4800 827 4872 dicit,
848 4799 923 4862 ido
941 4797 1045 4873 Trio„
1099 4797 1186 4876 quod
1216 4797 1354 4860 chorites
1378 4799 1439 4861 Dei
1464 4799 1658 4880 diffunditur
1686 4797 1721 4858 io
1745 4781 1870 4854 coracio

252 4879 383 4959 capio,
393 4880 427 4940 in
441 4879 536 4952 med,
550 4879 636 4958 quod
650 4880 768 4952 Filios,
782 4878 850 4941 crim
861 4897 900 4938 cx
914 4887 1048 4970 tompore
1099 4877 1219 4939 nostris
1231 4879 1459 4957 perspiritum
1472 4887 1625 4940 sanctum.
1842 4936 1847 4949 ,

250 4968 352 5022 mente
370 4959 568 5040 percipitur,
590 4959 675 5022 mitti
696 4959 826 5020 dicitur.
856 4957 917 5020 Sed
944 4957 1046 5020 Filius
1140 4958 1188 5017 Ad
1204 4958 1334 5018 tertium
1353 4957 1523 5020 dicendum
1543 4957 1630 5037 quod
1651 4953 1723 5018 ticet
1743 4963 1795 5029 per
1814 4939 1868 5032 {¹¹¹⁶

251 5039 459 5120 cognoscitur
476 5056 541 5099 non
564 5036 669 5100 solirm
682 5057 740 5116 per
756 5037 894 5118 gratiam
919 5041 1046 5118 gratum
1099 5052 1182 5113 quos
1200 5036 1281 5100 alios
1306 5036 1437 5100 allectus
1455 5037 1556 5098 Filius
1581 5033 1728 5117 cognosci
1748 5011 1866 5116 potii!a

252 5118 438 5189 facientem,
453 5117 509 5180 scd
527 5119 623 5180 etiam
640 5119 851 5198 pergratiam
872 5117 970 5198 gratis
991 5116 1047 5180 da·
1100 5116 1205 5190 nobis,
1222 5131 1288 5177 uon
1299 5121 1405 5178 tamm
1420 5135 1477 5194 per
1488 5117 1570 5178 alios
1581 5115 1709 5179 citerius
1721 5124 1774 5172 nos
1789 5097 1857 5162 rnna

250 5203 334 5272 tam,
353 5199 437 5261 sicut
456 5216 513 5276 per
535 5196 629 5258 fidem
649 5202 681 5258 et
702 5197 958 5275 perscientiam.
977 5197 1047 5257 Non
1100 5193 1672 5268 bitatreletiambabeturainobis.
1776 5262 1782 5274 ,
1845 5250 1851 5262 .

251 5297 329 5360 ergo
338 5294 476 5358 persona
487 5276 597 5340 divina
610 5276 745 5339 mittitur
755 5272 933 5340 secundina
945 5276 1048 5338 solam
1140 5275 1186 5334 lo
1208 5279 1362 5352 quartum
1384 5275 1555 5338 dicendum
1573 5275 1658 5353 quod
1670 5269 1799 5350 operatio
1816 5268 1861 5313 ππ·

252 5358 390 5438 gratiam
402 5362 529 5438 gratum
546 5355 726 5418 facientem.
1099 5354 1589 5418 raculorumestmanitestativa
1618 5329 1862 5428 racloprctumfi·

291 5434 322 5498 i.
340 5439 516 5513 Proterea,
529 5436 683 5500 Rabanus
698 5435 775 5498 dicit
795 5433 881 5514 quod
910 5433 1046 5512 Spiritus
1100 5433 1214 5496 cientis
1229 5434 1313 5496 sicut
1329 5440 1361 5496 et
1377 5435 1498 5498 donum
1515 5373 1700 5513 propUetice,
1720 5427 1749 5488 et
1766 5410 1862 5499 iffi*

251 5522 383 5580 sanctus
406 5516 499 5579 datus
521 5519 570 5576 est
584 5515 739 5594 apostolis
765 5513 805 5576 ad
826 5514 1047 5593 operationem
1100 5513 1266 5592 betgratia
1283 5514 1382 5594 gratis
1399 5513 1485 5577 data.
1499 5513 1588 5576 Unde
1604 5515 1620 5574 l
1638 5513 1706 5574 Cor·
1717 5502 1760 5572 12·
1774 5493 1860 5592 ‚iiim

252 5597 495 5662 miraculorum.
516 5593 586 5658 Hoc
613 5599 722 5656 autem
753 5611 820 5654 non
846 5597 896 5656 est
926 5593 1047 5654 donum
1136 5593 1199 5656 atis
1216 5592 1291 5656 data
1307 5593 1499 5658 nominatur
1509 5589 1720 5656 manitestatio
1735 5576 1858 5668 Sitifim*

290 5681 363 5746 aas
390 5684 518 5762 gratum
542 5677 712 5752 facientis,
736 5676 793 5740 sed
815 5676 927 5757 gratio
946 5673 1046 5756 gratis
1123 5673 1152 5734 ic
1183 5672 1282 5752 igitur
1312 5674 1467 5752 apostolis
1491 5673 1609 5736 dicitur
1635 5669 1720 5734 ortus
1745 5652 1856 5735 simitu

273 5765 344 5824 atre.
361 5761 447 5843 Ergo
464 5775 604 5840 persona
620 5757 730 5820 divina
747 5773 813 5818 non
830 5752 936 5818 solirm
952 5753 1047 5820 datur
1101 5756 1231 5816 sanctus
1248 5753 1290 5816 ad
1305 5755 1526 5832 operationem
1542 5751 1775 5816 miraculorum,
1794 5735 1858 5822 ΨΜ

252 5839 430 5906 secundicm
448 5839 584 5921 gratiam
602 5842 729 5918 gratum
741 5835 920 5902 iacientem.
1100 5832 1175 5900 data
1191 5839 1240 5898 cst
1255 5833 1301 5898 cis
1318 5835 1564 5916 gratiagratum
1580 5831 1697 5901 taciem
1707 5833 1769 5890 clim
1779 5816 1855 5884 ’ΨΜ
