4002 6346
236 259 289 320 stt

235 378 308 442 dem
321 381 406 444 ratio
418 381 458 444 de
473 378 657 444 nominibus
672 392 745 456 que
758 375 976 469 metaphorice
991 377 1030 472 de

235 458 303 521 Deo
320 461 483 534 dicuntur,
505 459 592 522 etde
610 456 703 533 aliis,
721 458 758 516 ut
783 455 902 518 drotum
927 460 976 519 est
996 476 1030 519 m

237 553 327 678 roffi.
344 546 481 681 ffi'tium
508 612 948 709 dicendumtqubdobjectio
975 615 1032 679 illa

258 697 438 771 rocederet,
459 695 486 759 'si
511 692 694 776 hujusmodi
720 709 853 755 uomma
874 693 979 787 solum
992 693 1031 788 de

234 714 303 838 heo
317 777 489 841 causaliter
503 775 697 846 dicerentur,
708 779 745 864 'et
764 789 829 832 non
851 775 1031 845 essentiali·

234 855 296 930 ter,
320 855 403 919 sicut
416 873 532 919 sanum
546 854 585 916 de
602 848 772 916 mediant.

236 956 418 1024 terremus
434 974 542 1018 v11.-
559 957 586 1018 U
589 952 672 1016 trelm
684 953 812 1045 cominu
830 971 897 1034 que
908 954 1032 1034 impor-

277 1031 1029 1102 tantrelattcmmadcreaturasdieacturdebeo

276 1135 316 1178 ee
329 1115 630 1196 temporc.-(1csr.,
642 1132 697 1206 qu.
713 1111 768 1187 illc,
783 1119 844 1173 art.
858 1113 889 1186 3,
903 1113 943 1174 ud
956 1113 987 1187 2,
1002 1121 1031 1174 ct

274 1203 383 1276 qttoest.
392 1195 442 1288 1⁶3,
454 1215 483 1258 a.
495 1195 563 1268 het
576 1195 605 1266 1,
615 1194 688 1254 dist.
701 1191 750 1264 lb,
763 1200 875 1331 ‘questi
885 1193 914 1331 ἑ,
927 1200 988 1332 ανὶτ
999 1194 1028 1270 1,

275 1273 1028 1434 ῗῗαῗςῖῗἕῦῗὲἰέἕέἷέέῖῗῖ,’3.Ῐέῗῶ33ἒιῖιίζὶῑ

274 1431 521 1508 38,nrt.h,ad1,
533 1439 562 1492 ct
574 1431 705 1498 asma,
718 1430 792 1491 dist.
801 1429 851 1506 32,
861 1438 924 1491 ert.
935 1430 979 1512 3.)

275 1553 324 1614 hd
347 1553 517 1633 septimum
545 1553 592 1615 sic
618 1551 812 1632 proceditur.
846 1554 875 1613 1.
896 1552 1030 1616 Videtur

235 1631 322 1712 qubd
342 1634 558 1712 nominaque
580 1632 756 1712 important
778 1632 967 1694 relationem
989 1635 1030 1696 ad

235 1715 419 1786 creaturas,
438 1730 505 1774 nou
518 1711 666 1774 dicautur
679 1711 718 1773 de
736 1712 803 1772 Deo
817 1729 856 1772 ex
872 1716 1027 1791 tempore.

233 1789 1029 1885 Omniaeuimhujusmodiuomiuasigniticantdi·

238 1870 346 1932 vinam
362 1872 596 1944 substantiam,
614 1873 651 1932 ut
672 1875 886 1932 communiter
898 1871 1025 1933 drcrtur.

237 1947 322 2011 Unde
331 1947 642 2022 etdmbrosiumlib.
653 1949 714 2010 lde
727 1948 809 2022 Fid,
822 1967 891 2042 cap.
904 1951 1028 2024 1‚eirca

235 2029 337 2103 med,
353 2028 429 2092 dicit
446 2028 533 2109 qudd
559 2030 620 2089 ho'c
640 2046 777 2101 nomeu,
792 2029 963 2106 Dominus,
979 2033 1028 2124 est

234 2107 1027 2266 imitabilem}illaedibile

261 2204 314 2248 rea
330 2204 368 2247 cr
479 2207 487 2246 t

233 2265 303 2345 ejus
318 2284 412 2328 essen
427 2230 469 2328 i⁹a.
487 2207 546 2327 geu
565 2265 672 2327 divina
690 2266 872 2329 substantia
891 2285 956 2328 nou
978 2271 1027 2330 cst

233 2345 431 2425 temporalis,
448 2345 503 2406 sed
520 2350 651 2406 aeterua.
666 2345 752 2424 Ergo
766 2345 950 2424 hujusmodi
968 2365 1025 2438 uo-

233 2423 322 2487 mina
334 2441 399 2485 non
414 2423 564 2486 dicuutur
584 2424 622 2486 de
643 2424 710 2485 Deo
728 2442 770 2486 ex
783 2428 955 2516 tempore,
969 2427 1025 2490 sed

233 2503 275 2566 ab
289 2506 420 2565 aterno.
995 2585 1001 2600 Ι

272 2581 303 2642 2.
320 2583 494 2656 Praeterea,
511 2583 703 2661 cuicumque
730 2585 880 2646 convenit
903 2585 1024 2664 aliquid

233 2677 274 2722 ex
287 2663 554 2741 tempore,potest
567 2662 628 2724 dici
639 2662 756 2724 lactum
767 2664 869 2742 3quod
884 2666 968 2725 euim
982 2683 1024 2728 ex

232 2742 376 2819 tempore
391 2745 439 2804 est
455 2743 581 2816 album,
599 2741 633 2801 tit
646 2742 766 2803 album.
790 2743 849 2804 Sed
869 2745 935 2805 Deo
957 2762 1022 2806 nou

231 2821 383 2960 ίεἱριινῶιιίῑ
395 2839 466 2960 estse
480 2821 608 2883 iactum.
619 2821 703 2901 Ergo
717 2821 756 2882 de
769 2822 836 2886 Deo
848 2824 929 2884 nihil
943 2843 1023 2903 prac-

252 2915 302 2962 lca
341 2917 410 2961 rer
439 2919 488 2961 em
512 2917 579 2962 ore.
992 2969 998 2982 ‚

271 2977 300 3038 3.
316 2919 528 3052 Praetereapsi
546 2980 656 3057 aliqua
670 2981 802 3042 uomina
820 2981 970 3043 dicuntur
984 2983 1023 3046 de

229 3055 297 3118 Deo
309 3075 350 3119 ex
363 3060 519 3138 tempore,
532 3061 663 3137 propter
676 3058 737 3121 hoc
750 3059 835 3138 quod
848 3062 1022 3156 important

229 3136 420 3199 relationem
434 3137 473 3200 ad
489 3143 666 3211 creaturas,
678 3139 788 3201 eadem
804 3145 886 3202 ratro
896 3142 1022 3204 ridetur

229 3213 268 3278 de
280 3217 429 3278 omuibus
440 3235 512 3295 quas
526 3217 716 3280 relationem
730 3217 769 3280 ad
781 3224 944 3283 creaturas
959 3223 1023 3281 im-

229 3295 1021 3442 ”alitiliatltlilalilltlllbbtit

228 3390 365 3527 ἓίέῐηω
390 3455 432 3515 ab
446 3457 566 3516 aeterno
581 3453 666 3514 enim
680 3455 775 3518 scivit
788 3461 970 3521 creaturam
990 3465 1020 3520 et

228 3530 350 3604 dilexit,
364 3530 540 3593 secuudhm
553 3533 630 3593 illud
642 3533 758 3594 terem.
773 3535 823 3609 31,
840 3535 876 3596 3:
894 3538 935 3597 lc
950 3538 1019 3599 clm-

228 3609 323 3670 ritotc
334 3613 489 3689 perpetuet
502 3611 602 3672 dilexi
616 3619 655 3671 te.
666 3609 710 3671 Er
733 3618 793 3675 oet
807 3615 871 3677 alia
888 3617 1019 3680 uomina

228 3631 1020 3767 quaeiurportantrelationemafferenturasmtlto·

226 3767 342 3842 micus,
351 3771 382 3829 et
391 3767 537 3837 Creator,
546 3770 696 3831 dicuntur
710 3770 748 3830 de
758 3770 826 3832 Deo
836 3775 1016 3838 eceterae.

266 3844 297 3908 i.
313 3849 487 3924 Praeterea,
512 3846 695 3910 hu'usmodi
722 3851 854 3914 nomina
880 3853 1019 3918 relatio-

226 3943 301 4066 m
322 3867 786 4071 nimirem
801 3930 1018 4078 letalia

225 4022 360 4148 {arathae
371 4024 430 4147 {led
445 4025 511 4148 n¹oqu
524 4089 630 4164 potest
644 4052 715 4150 essc’
728 4088 814 4166 quod
826 4091 868 4151 sit
878 4090 910 4151 in
924 4110 1018 4158 crea-

225 4162 299 4227 tura
314 4161 461 4239 tantiam,
488 4167 565 4246 quia
582 4166 629 4228 sic
646 4166 732 4228 Deus
754 4168 1018 4236 denominaretur

223 4241 419 4310 Dominust't
443 4245 600 4308 relatione
624 4245 789 4324 opposita,
815 4265 887 4326 quae
913 4254 1016 4314 estin

224 4324 402 4398 creaturis3
430 4324 511 4384 nihil
539 4327 646 4386 autem
666 4324 893 4389 denominatur
913 4327 933 4392 d
956 4348 1016 4393 sno

224 4401 384 4540 opposito.
410 4401 616 4541 Relinquitur
635 4421 712 4483 ergo
727 4404 813 4483 qudd
838 4407 953 4469 relatio
968 4414 1016 4471 est

258 4499 267 4540 r

223 4576 266 4624 cx
278 4562 431 4639 tempore,
448 4557 520 4622 edm
533 4560 602 4640 ipso
617 4561 658 4621 sit
672 4579 771 4640 supra
784 4565 920 4641 tempus.
929 4567 1014 4648 Ergo

222 4637 350 4701 videtur
363 4638 448 4718 quod
465 4638 648 4719 hujusmodi
663 4641 796 4704 uomina
816 4659 882 4704 non
901 4644 1016 4712 dicau-

222 4720 276 4779 tur
292 4717 410 4780 debeo
427 4737 468 4780 ex
481 4721 634 4798 tempore.

183 4837 186 4844 -
261 4795 292 4858 5.
306 4798 476 4872 Preterca,
491 4796 667 4862 secuudum
690 4799 879 4864 relationem
897 4803 1015 4869 dicitur

219 4875 344 4955 aliquid
361 4875 510 4952 relative,
537 4881 613 4958 puta
635 4875 811 4942 secuudum
834 4880 1013 4947 dominium

220 4953 382 5030 dominus,
392 4957 474 5019 sicut
484 4956 659 5020 secundum
672 4959 851 5022 albedinem
863 4964 968 5027 albus.
980 4965 1012 5028 Si

219 5033 230 5095 i
254 5033 320 5098 itur
331 5036 446 5098 relatio
460 5034 592 5099 dominii
611 5042 741 5101 nonest
754 5039 787 5100 in
802 5041 870 5103 Deo
893 5061 1013 5106 secun-

265 5131 388 5190 mrem,
403 5113 457 5177 sed
473 5111 577 5178 solum
591 5115 766 5179 secuudum
782 5121 952 5196 rationem,
962 5142 1012 5186 sc·

219 5193 332 5272 quitur
346 5193 431 5273 quod
446 5194 532 5258 Deus
555 5213 620 5258 uon
635 5197 676 5260 sit
696 5198 827 5262 realiter
841 5199 1009 5278 dominus,

219 5273 307 5352 qnod
320 5275 408 5354 patet
422 5291 492 5336 esse
508 5273 636 5337 laisum.

257 5351 289 5413 a.
304 5353 477 5427 Preterea‚
493 5354 527 5415 in
544 5355 686 5418 relativis
704 5373 776 5436 quae
794 5375 858 5421 nou
873 5364 950 5423 sunt
963 5363 1012 5425 si-

269 4480 346 4559 quid
361 4481 395 4542 in
410 4481 489 4542 Deo.
529 4481 566 4544 ed
584 4481 617 4541 iu
642 4483 709 4544 Deo
724 4483 804 4544 nihil
824 4488 1016 4562 potestesse

124 5457 127 5466 e
218 5433 286 5492 mul
311 5432 445 5504 natura,
465 5451 566 5496 unum
594 5439 699 5514 potest
727 5454 797 5498 esse
816 5439 917 5502 altero
944 5459 1010 5504 uon

218 5511 395 5586 existente3
410 5513 493 5574 sicut
507 5513 616 5576 scibile
634 5515 744 5576 existit
761 5533 826 5578 nou
852 5519 1009 5584 existente

217 5589 364 5666 scientia,
375 5593 412 5652 ut
424 5590 540 5654 dicitur
555 5594 587 5655 in
601 5593 742 5671 Praedio,
757 5612 827 5674 cap.
841 5597 861 5658 '1
886 5601 964 5661 text.
976 5598 1006 5661 5.

253 5757 294 5826 tt)
308 5753 361 5826 al,
378 5761 401 5810 et
412 5757 511 5810 erectior

761 253 890 316 stillum
909 258 1138 320 theotbalda*
1157 263 1245 322 PARS
1265 265 1378 326 abiut.

1087 379 1147 444 Sed
1163 383 1299 449 relativa
1314 403 1387 465 qum
1398 387 1550 454 beantur
1567 393 1607 457 tle
1627 396 1694 462 lleo
1705 401 1739 463 et
1749 405 1885 466 creatu·

1085 460 1153 536 ris,
1171 479 1237 524 nou
1253 468 1329 526 suut
1345 466 1443 548 simul
1454 469 1685 558 naturdAErgo
1697 482 1804 558 potest
1814 481 1886 544 ali-

1085 540 1163 617 quid
1177 541 1238 604 dici
1249 543 1382 608 relative
1392 547 1430 609 de
1441 547 1508 611 Deo
1522 550 1562 613 ad
1576 561 1768 632 creaturam,
1780 562 1883 623 etiam

1085 619 1235 684 ereatura
1251 639 1317 684 nou
1331 625 1505 702 existente3
1519 633 1609 704 etsie
1622 635 1806 717 hujusmodi
1821 657 1885 702 no-

1085 699 1193 775 mina,
1210 702 1364 764 Dominus
1384 707 1416 767 et
1435 705 1883 784 Creatcr‚dicuuturdelleo

1085 778 1127 840 ab
1143 782 1275 855 auterno,
1290 786 1321 842 et
1333 799 1397 848 nou
1417 803 1459 848 ex
1472 793 1625 868 tempore.

1123 853 1183 920 Sed
1205 863 1317 924 contra
1327 867 1375 924 est
1387 864 1473 942 quod
1488 866 1563 930 dicit
1575 871 1821 952 Augustinus,5
1840 878 1883 941 de

1084 932 1219 1013 Trinit,
1235 957 1305 1018 cap.
1321 941 1378 1016 16,
1393 943 1478 1022 qudd
1494 947 1561 1012 haec
1573 951 1709 1016 relativa
1729 958 1885 1035 appella-

1083 1013 1149 1088 tio,
1166 1016 1333 1088 Dominus,
1345 1021 1413 1084 Deo
1428 1029 1577 1089 convenit
1591 1049 1636 1092 ex
1650 1036 1804 1112 tempore.

1123 1095 1313 1188 Respondeo
1339 1099 1505 1164 dicendum
1527 1107 1613 1185 qudd
1643 1113 1789 1188 quadam
1809 1131 1884 1176 no-

1084 1173 1172 1236 mina
1187 1179 1393 1253 importantia
1405 1182 1595 1248 relationem
1613 1187 1653 1250 ad
1670 1196 1882 1269 creaturam,

1084 1268 1125 1312 ex
1135 1255 1278 1332 tempore
1287 1256 1400 1319 debeo
1409 1259 1570 1338 dicuntur,
1579 1270 1611 1328 et
1620 1285 1684 1329 non
1693 1270 1880 1334 abaeterno.

1123 1332 1170 1392 hd
1194 1333 1286 1413 cujus
1312 1337 1505 1402 evidentiam
1530 1344 1695 1407 sciendum
1718 1351 1883 1429 estquod

1083 1410 1215 1488 quidam
1229 1420 1406 1491 posuerunt
1421 1419 1612 1484 relationem
1624 1442 1690 1486 non
1712 1445 1783 1491 esse
1806 1449 1883 1492 rem

1083 1493 1218 1565 naturae,
1232 1493 1287 1554 sed
1312 1495 1447 1559 rationis
1468 1497 1605 1563 tantbm.
1631 1503 1722 1580 Quod
1744 1509 1884 1586 quidem

1082 1574 1215 1646 apparet
1230 1590 1301 1633 esse
1314 1571 1430 1636 ialsum
1441 1595 1482 1638 ex
1496 1579 1557 1640 hoc
1567 1581 1654 1720 <huod
1665 1582 1742 1663 ipsso
1753 1605 1806 1649 res
1816 1605 1883 1651 na·

1083 1650 1219 1741 turalem
1243 1651 1388 1715 ordinem
1408 1658 1440 1717 et
1462 1657 1574 1721 habitu
1596 1661 1681 1724 inem
1699 1665 1820 1728 habent
1834 1668 1882 1731 ad

1082 1744 1229 1790 invicem.

1120 1805 1350 1872 Verumtamen
1364 1811 1529 1877 sciendum
1546 1821 1595 1879 est
1610 1819 1793 1898 quodcum
1822 1845 1882 1888 re-

1080 1885 1158 1946 latio
1171 1889 1318 1966 requirat
1329 1889 1392 1952 dno
1406 1897 1562 1970 extrema,
1576 1897 1743 1978 tripliciter
1759 1922 1794 1966 se
1807 1905 1881 1970 ba-

1080 1965 1132 2024 bet
1146 1965 1186 2027 ad
1198 1966 1261 2032 hoc
1273 1968 1358 2046 qubd
1372 1971 1412 2032 sit
1426 1990 1478 2034 res
1498 1979 1622 2039 naturae
1645 1983 1702 2043 aut
1722 1983 1877 2048 rationis.

1079 2042 1278 2124 Quandoque
1292 2049 1377 2110 enim
1390 2068 1430 2111 ex
1444 2051 1580 2146 utraque
1591 2063 1682 2134 parte
1694 2063 1743 2121 est
1754 2080 1806 2124 res
1820 2081 1880 2128 ra-

1079 2122 1175 2186 tionis
1190 2122 1327 2202 tauthm,
1343 2130 1473 2206 quando
1488 2133 1610 2195 scrlicet
1622 2136 1700 2198 ordo
1712 2140 1763 2200 vel
1777 2141 1879 2206 habi-

1078 2202 1155 2262 tudo
1168 2220 1233 2264 uon
1247 2209 1352 2282 potest
1366 2225 1436 2271 esse
1453 2210 1537 2272 inter
1555 2215 1666 2295 aliqua
1679 2217 1740 2280 nisi
1755 2237 1879 2282 secun·

1077 2276 1182 2344 duma
1206 2283 1452 2361 prebeusiouem
1465 2290 1599 2356 rationis
1612 2294 1749 2373 tantum,
1758 2302 1877 2378 utpote

1078 2357 1151 2420 eum
1189 2361 1302 2425 icimus
1319 2364 1402 2427 idem
1427 2369 1529 2430 eidem
1542 2371 1636 2434 idem.
1658 2375 1877 2448 Namsecuu-

1077 2435 1153 2498 dum
1161 2440 1246 2518 qubd
1254 2443 1336 2505 ratio
1345 2448 1555 2524 apprehendit
1563 2451 1873 2536 bisaliquodunum,

1077 2519 1189 2580 statuit
1198 2520 1276 2581 illud
1289 2525 1325 2582 ut
1339 2523 1418 2601 duo;
1435 2529 1522 2590 etsie
1536 2532 1746 2609 apprehendit
1777 2554 1876 2599 uam-

1076 2594 1150 2659 dam
1163 2599 1381 2664 habitudinem
1395 2603 1497 2682 ipsius
1512 2608 1552 2670 ad
1566 2627 1601 2672 se
1620 2611 1631 2671 i
1655 2629 1738 2674 sum.
1789 2619 1803 2676 t
1817 2617 1876 2678 si·-

1076 2676 1195 2740 militer
1209 2684 1257 2742 est
1269 2680 1308 2741 de
1320 2683 1469 2746 omnibus
1480 2629 1691 2754 relationiB‘us
1706 2700 1874 2771 quaesunt

1075 2754 1160 2817 iuter
1181 2776 1238 2819 eus
1260 2761 1370 2821 elnon
1387 2780 1465 2838 ens,
1482 2783 1563 2843 quas
1582 2767 1697 2832 termut
1710 2774 1814 2848 ratio,
1833 2776 1872 2838 in

1075 2840 1233 2913 quantum
1251 2839 1462 2916 apprehendit
1478 2861 1544 2906 uon
1568 2865 1625 2908 ens
1649 2852 1685 2909 ut
1705 2853 1872 2928 quoddam

1076 2917 1266 2976 extremum.
1281 2918 1321 2978 Et
1339 2918 1422 2980 idem
1439 2925 1487 2983 est
1508 2923 1546 2985 de
1561 2927 1710 2990 omnibus
1728 2932 1871 2995 relatio-

1075 2993 1170 3054 nibus
1187 3012 1259 3073 que
1276 3004 1520 3075 consequuntur
1534 3009 1641 3065 actum
1656 3009 1806 3085 rationis,
1830 3014 1871 3075 nt

1075 3089 1188 3150 genus,
1201 3079 1232 3134 et
1241 3076 1375 3153 species,
1385 3083 1416 3137 et
1427 3080 1777 3160 hujusmodiouaedam
1789 3091 1870 3153 verb

1074 3151 1245 3214 relationes
1260 3159 1336 3215 suut
1347 3156 1505 3234 quantum
1519 3162 1560 3224 ad
1576 3167 1749 3244 utrumque
1759 3174 1870 3234 extre·

1074 3247 1162 3290 mum
1172 3249 1223 3293 res
1236 3237 1371 3307 naturae,
1382 3237 1512 3313 quando
1527 3242 1869 3311 seilicetesthabitudo

1073 3309 1157 3370 inter
1182 3310 1293 3390 aliqua
1315 3313 1379 3373 duo
1411 3317 1587 3380 secuudhm
1610 3323 1732 3402 aliquid
1760 3329 1868 3390 reali—

1073 3391 1122 3448 ter
1134 3392 1327 3454 couveniens
1344 3395 1489 3473 utrique3
1508 3399 1592 3460 sicut
1607 3407 1694 3480 patet
1707 3402 1747 3467 de
1760 3409 1868 3470 omni-

1073 3468 1133 3529 bus
1156 3471 1368 3532 relationibus
1394 3492 1466 3552 quae
1488 3485 1733 3558 consequuntur
1752 3501 1868 3562 quan-

1073 3546 1216 3622 titatem,
1232 3553 1267 3610 ut
1291 3567 1444 3630 magnum
1457 3559 1488 3616 et
1502 3574 1659 3634 parrum,
1678 3560 1809 3641 duplum
1833 3570 1867 3628 et

1072 3623 1252 3702 dimidium,
1271 3633 1303 3690 et
1316 3630 1519 3710 hujusmodi;
1536 3653 1612 3700 nam
1633 3643 1796 3718 quantitas
1814 3652 1866 3708 est

1071 3703 1106 3764 in
1118 3710 1257 3785 utroque
1267 3713 1508 3774 extremorum:
1525 3717 1675 3780 et·simile
1688 3724 1737 3781 est
1747 3721 1787 3783 de
1803 3741 1866 3786 re-

1071 3783 1248 3877 lationibus
1274 3807 1346 3866 que
1377 3799 1622 3884 consequuntur
1646 3800 1804 3892 actionem
1831 3807 1864 3867 et

1071 3878 1277 4016 tibitibi
1293 3871 1739 4032 ,illiberabilis
1748 3887 1865 4051 ,litt

1071 4019 1104 4080 in
1118 4039 1184 4082 uno
1200 4025 1418 4088 extremorum
1434 4033 1483 4092 est
1499 4049 1550 4093 res
1566 4039 1702 4110 naturae,
1718 4041 1749 4099 et
1763 4057 1796 4100 m
1810 4043 1865 4103 al-

1070 4104 1139 4160 tero
1153 4106 1202 4163 est
1217 4121 1268 4164 res
1287 4107 1420 4170 rationis
1441 4109 1566 4171 tautum
1587 4133 1595 4172 τ
1614 4118 1644 4175 et
1658 4114 1719 4178 hoc
1732 4120 1865 4182 contin-

1070 4179 1114 4256 git
1140 4181 1410 4264 quandocumque
1435 4187 1498 4250 duo
1522 4195 1666 4257 extrema
1691 4213 1757 4256 non
1784 4207 1863 4262 sunt

1069 4257 1165 4320 unius
1181 4261 1319 4335 ordinis3
1344 4265 1426 4327 sicut
1446 4286 1560 4330 seusus
1580 4275 1612 4333 et
1628 4275 1759 4340 scientia
1773 4278 1864 4340 rele-

1069 4341 1186 4399 runtur
1200 4339 1240 4401 ad
1258 4342 1409 4407 sensibile
1427 4350 1460 4407 et
1478 4349 1606 4423 scibile3
1621 4369 1694 4431 quae
1708 4356 1859 4433 quidem,

1068 4415 1100 4474 in
1116 4421 1273 4494 quantum
1288 4426 1364 4484 sunt
1381 4441 1432 4486 res
1450 4427 1598 4505 quaedam
1618 4431 1651 4492 in
1668 4450 1739 4495 esse
1760 4441 1862 4498 natu-

1067 4493 1127 4554 rali
1156 4497 1348 4574 existentes,
1378 4508 1454 4566 sunt
1479 4511 1572 4570 extra
1612 4511 1757 4575 ordinem
1788 4534 1861 4579 esse

1067 4574 1227 4638 sensibilis
1251 4583 1282 4641 et
1294 4578 1514 4662 intelligibilis.
1536 4587 1577 4648 Et
1589 4589 1660 4651 ideo
1673 4591 1707 4653 iu
1725 4593 1860 4660 seientia

1066 4652 1194 4792 guidem
1224 4661 1255 4718 et
1271 4677 1369 4721 seusu
1389 4666 1438 4723 est
1462 4665 1576 4727 relatio
1598 4668 1714 4746 realis,
1735 4689 1861 4735 secuu-

1086 4728 1142 4792 hm
1154 4734 1239 4811 qubd
1257 4737 1447 4802 ordinantur
1462 4744 1502 4806 ad
1524 4746 1688 4810 sciendum
1709 4751 1762 4816 vel
1780 4770 1860 4816 sen-

1065 4810 1208 4873 tiendum
1222 4833 1294 4892 res;
1309 4819 1366 4880 sed
1383 4838 1434 4882 res
1453 4821 1530 4900 ipsae
1550 4825 1583 4886 iu
1599 4844 1634 4889 se
1648 4829 1858 4897 considerata

1066 4894 1142 4950 sunt
1156 4895 1248 4957 extra
1262 4896 1405 4960 ordinem
1429 4900 1633 4980 hujusmodi3
1649 4909 1735 4972 uude
1754 4911 1789 4972 iu
1807 4913 1855 4975 eis

1065 4975 1195 5031 nonest
1212 4974 1324 5052 aliqua
1340 4977 1454 5040 relatio
1472 4983 1603 5046 realiter
1626 4985 1666 5048 ad
1689 4988 1857 5054 seientiam

1065 5050 1096 5108 et
1110 5066 1259 5129 sensum,
1274 5055 1328 5116 sed
1342 5057 1518 5122 secundum
1535 5065 1695 5128 rationem
1709 5067 1854 5146 unum,

1064 5126 1266 5205 inquantum
1281 5133 1459 5200 intellectus
1471 5142 1681 5219 apprehendit
1694 5152 1779 5210 aaut
1792 5152 1856 5210 ter-

1063 5205 1167 5269 minos
1181 5211 1374 5274 relationum
1394 5216 1533 5282 scientiae
1557 5226 1590 5283 et
1618 5224 1744 5288 sensus.
1767 5227 1855 5290 Unde

1064 5283 1276 5366 Philosophus
1287 5290 1364 5355 dicit
1377 5295 1410 5355 iu
1420 5294 1440 5355 b
1451 5296 1605 5379 Metaph,
1620 5306 1697 5366 text.
1705 5305 1757 5380 bo,
1768 5307 1854 5386 qudd

1063 5379 1129 5425 uon
1142 5366 1291 5432 dicuntur
1304 5372 1450 5450 relative,
1468 5395 1507 5438 eo
1521 5380 1608 5458 quod
1624 5383 1694 5460 ipsa
1708 5385 1840 5448 reierau·

1064 5445 1117 5503 tur
1129 5445 1169 5506 ad
1183 5447 1265 5524 alia,
1281 5451 1337 5514 sed
1349 5453 1426 5530 qula
1439 5456 1505 5521 alia
1519 5459 1703 5523 reseruntur
1715 5464 1757 5526 ad
1770 5463 1851 5543 ipsa.

1061 5521 1102 5582 Et
1115 5523 1262 5589 similiter
1276 5529 1422 5593 dextrum
1438 5552 1503 5598 nou
1516 5538 1632 5601 dieitur
1643 5541 1851 5621 decolumud,

1060 5601 1584 5766 alblltilaalllatlll¹
1597 5619 1646 5762 al
1668 5621 1851 5766 lebab

1063 5759 1232 5842 columna,
1247 5767 1302 5828 sed
1320 5769 1353 5830 in
1368 5773 1511 5837 animalis
