4020 6352
112 274 214 334 aare
453 269 589 342 aomar.
608 267 702 326 eru.
721 267 767 324 oa
786 261 1048 324 rsorserrronn
1067 260 1340 340 murououoro
1357 269 1502 364 corvos.
1547 237 1575 247 ””
1716 280 1788 346 rrrr

5 419 6 424 ¹
115 405 202 476 est,
222 417 291 462 nno
318 397 413 462 modo
427 397 463 460 in
478 393 641 460 communi
655 388 831 454 secundum
845 391 939 454 natu·
991 387 1044 452 rel
1056 407 1115 469 per
1131 389 1325 454 creationem
1342 391 1494 454 materiae.
1509 391 1786 466 Sedmanitestum

115 496 213 543 rann
238 479 374 559 specici3
391 478 456 541 alio
475 475 569 538 modo
588 471 764 536 secundum
783 469 869 548 quod
890 475 940 530 est
992 473 1041 530 est
1053 469 1349 550 multiplicationem
1360 471 1501 536 materiae
1511 471 1703 538 inhumanis
1714 498 1786 540 cor-

116 559 166 620 in
187 561 253 624 boc
267 559 442 621 individuo.
461 555 507 618 Ad
525 554 689 616 veritatem
705 551 801 630 igitur
816 555 939 612 naturae
991 549 1123 628 poribus
1135 567 1200 612 non
1213 549 1356 612 accidere
1367 569 1425 629 per
1435 551 1694 630 rareiactioncm3
1706 560 1785 636 quia

117 639 284 721 alicuius
311 641 347 701 in
375 635 537 700 communi
566 632 773 696 consideratu
802 631 940 707 pertinet
991 629 1037 700 sic
1056 645 1193 708 corpora
1207 627 1374 690 hominum
1394 630 1540 709 perlectos
1559 633 1659 696 aetatis
1676 641 1785 702 essent
1818 661 1821 668 ·

117 716 249 783 forma
271 721 302 780 et
319 715 539 796 materiarius
556 713 591 776 in
609 709 771 774 communi
788 713 937 786 accepta,
990 707 1226 786 imperfectiora
1244 705 1343 787 quim
1359 726 1496 790 corpora
1513 727 1705 790 puerorum;
1724 735 1784 780 nec

119 798 178 860 ad
197 800 367 862 verimtem
379 799 487 858 autem
501 798 624 855 naturae
638 791 671 853 in
681 791 742 854 boc
752 787 938 868 particulari
989 784 1105 850 iterim
1124 806 1182 868 per
1200 787 1395 852 creationem
1417 807 1509 854 novae
1527 793 1686 866 materim;
1704 797 1784 874 quia

6 886 12 896 ’
119 871 654 955 considerataepertinetmateria
673 867 939 931 individualissi·
990 865 1166 930 secundum
1181 859 1643 962 Gregoriumdibfflldoral„
1662 873 1732 952 cap.
1749 873 1780 951 9,

152 962 261 1028 nata,
279 962 310 1018 et
321 955 427 1018 torma
439 971 498 1032 per
508 949 691 1032 hujusmodi
703 947 872 1012 materiam
885 946 939 1008 in·
989 945 1023 1007 in
1035 947 1151 1024 princ,
1163 963 1272 1010 omnia
1285 951 1364 1010 sunt.
1377 945 1472 1010 simul
1487 955 1594 1014 creata
1607 951 1783 1018 secundtlm

120 974 326 1110 gavianam
341 1033 481 1097 vsicrrtdc
499 1032 635 1095 veritate
648 1029 798 1092 humanae
814 1031 938 1090 naturae
989 1026 1203 1088 substantiam
1226 1027 1389 1104 materie,
1415 1025 1488 1090 licet
1515 1045 1581 1090 non
1605 1031 1782 1096 secundum

121 1113 172 1176 in
198 1114 364 1177 commum
386 1117 434 1176 est
456 1111 565 1174 anina
584 1111 728 1172 bumana
749 1109 781 1168 et
801 1123 936 1184 corpus3
989 1105 1127 1182 speciem
1141 1104 1261 1168 lormae.
1273 1105 1360 1168 Unde
1379 1105 1573 1188 relinquitur
1589 1109 1673 1188 qudd
1690 1113 1782 1174 mul-

123 1193 197 1254 sed
219 1195 258 1256 de
278 1194 413 1258 veritate
430 1192 580 1252 bumana
600 1193 723 1250 nature
744 1185 779 1246 in
799 1186 892 1246 Petro
905 1187 938 1246 et
989 1183 1142 1262 tiplicatio
1155 1185 1297 1264 corporis
1308 1185 1443 1247 humani
1456 1203 1522 1247 non
1535 1185 1568 1250 at
1580 1189 1641 1250 nisi
1652 1209 1709 1268 per
1720 1191 1782 1255 hoc

121 1271 284 1334 Maltino
310 1270 607 1335 estbeeeanimuet
625 1267 686 1328 boc
705 1282 833 1344 corpus.
857 1263 937 1325 Sunt
988 1262 1074 1340 qudd
1091 1263 1279 1326 alimentum
1292 1263 1782 1339 convertiturinveritalomlru-

124 1357 251 1413 autern
269 1351 416 1432 quaedam
432 1363 573 1430 quonum
586 1346 697 1408 turmae
713 1362 778 1406 non
800 1346 937 1421 possunt
988 1343 1075 1404 niani
1092 1343 1248 1422 corporis.
1264 1343 1385 1418 Quarto
1406 1345 1483 1422 quia
1507 1341 1580 1408 cirm
1599 1344 1695 1408 homo
1713 1347 1780 1412 non

125 1432 263 1494 saivari
278 1431 340 1492 nisi
352 1427 465 1492 inunal
476 1423 611 1489 materia
624 1423 762 1504 signata,
776 1423 858 1484 sicut
872 1422 937 1484 ior·
987 1421 1113 1500 diderat
1131 1425 1172 1484 ab
1195 1422 1388 1486 animalibus
1411 1428 1442 1485 et
1461 1423 1579 1508 plantis
1604 1425 1781 1490 secundum

3 1554 11 1562 .
125 1523 194 1572 ma
220 1511 296 1572 solie
318 1525 386 1572 non
405 1509 511 1586 potest
526 1503 647 1568 salvari
669 1504 731 1567 nisi
747 1503 781 1564 in
800 1499 937 1566 material
987 1501 1129 1564 animem
1145 1501 1363 1593 vegetabilem,
1380 1490 1669 1584 sequereturqudd
1684 1503 1781 1569 eliam

125 1602 216 1666 qum
230 1595 305 1652 actu
321 1591 381 1650 sub
393 1585 433 1650 ei
447 1586 640 1648 continetur.
987 1595 1124 1658 corpora
1141 1580 1329 1642 animalium
1343 1587 1374 1642 et
1388 1582 1572 1660 plantarum
1587 1601 1652 1646 non
1673 1587 1781 1648 multl-

89 1695 96 1704 ·
177 1668 221 1728 Et
241 1666 418 1735 secundum
438 1665 525 1726 buno
544 1661 675 1724 modum
691 1661 791 1740 aliqui
810 1679 937 1741 posue·
986 1660 1185 1738 plicarentur
1211 1677 1269 1737 per
1299 1661 1545 1724 conversionem
1575 1664 1718 1726 alimenti
1746 1666 1781 1728 in

126 1751 229 1815 runt,
246 1747 331 1826 qubtl
341 1747 446 1807 torma
462 1745 605 1806 bumana
617 1759 684 1820 uon
701 1742 935 1820 polestsalvari
986 1756 1103 1818 eorpus
1128 1739 1298 1812 nutritum,
1321 1740 1376 1802 scd
1396 1759 1455 1820 per
1472 1741 1645 1822 quamdam
1665 1743 1781 1806 nrulti-

129 1827 205 1887 nisi
220 1827 253 1886 jn
265 1823 401 1888 materia
415 1821 556 1902 quidam
569 1820 711 1900 signati,
726 1837 798 1898 quse
815 1821 936 1886 scilicet
986 1819 1208 1897 plicationcm,
1225 1835 1297 1896 quae
1311 1837 1376 1882 non
1391 1823 1496 1898 potest
1514 1839 1584 1883 esse
1601 1825 1779 1902 naturalis,

129 1901 155 1966 ai
175 1905 336 1984 principio
351 1905 410 1965 luit
428 1904 484 1964 tali
504 1901 607 1962 iormd
624 1901 762 1962 formata
780 1900 934 1980 inprime
987 1895 1060 1958 citur
1076 1899 1209 1962 materia
1224 1896 1400 1962 secundum
1413 1903 1564 1964 naturam
1581 1919 1645 1962 non
1663 1905 1781 1966 exten-

128 1983 291 2059 homine3
306 1985 350 2046 its
363 1981 448 2060 qubd
463 1980 618 2060 quidquid
628 1980 717 2042 aliud
730 1981 935 2058 praetcrillud
986 1976 1081 2038 datur
1095 1977 1156 2040 nisi
1170 1979 1326 2054 usquead
1341 1983 1461 2041 certam
1479 1977 1702 2058 quantitatem,
1719 2001 1781 2048 uec

129 2063 228 2140 quod
239 2077 281 2126 ex
294 2064 399 2142 primo
411 2067 543 2140 parente
555 2059 588 2120 iu
602 2065 747 2137 posteros
758 2059 933 2134 derivatur,
986 2051 1102 2118 iterium
1112 2055 1297 2118 inveniatur
1306 2058 1426 2136 aliquid
1437 2059 1780 2126 naturalitercrescero

129 2141 281 2204 additum
297 2141 403 2216 tuerit,
417 2157 481 2202 non
495 2139 633 2218 pertinet
647 2139 686 2201 ad
700 2140 863 2202 veritatem
875 2140 935 2200 hu·
986 2136 1048 2196 uisi
1066 2154 1124 2214 per
1139 2134 1384 2199 nareiactlonem
1399 2132 1451 2200 vel
1468 2139 1712 2202 couversionem
1727 2141 1780 2204 al-

2 2258 3 2280 2
129 2235 244 2284 manea
266 2227 409 2292 naturas,
426 2220 519 2298 quasi
540 2235 606 2279 non
621 2219 695 2279 scre
712 2218 849 2296 accipiat
863 2219 935 2280 tor-
986 2216 1084 2276 torius
1106 2216 1138 2276 in
1157 2216 1272 2293 ipsum.
1292 2216 1331 2276 Et
1354 2217 1400 2278 sic
1420 2221 1522 2278 totum
1544 2235 1625 2296 opus
1645 2237 1780 2300 genera·

2 2325 5 2364 t
131 2307 226 2362 nram
244 2303 394 2363 bumana
408 2305 550 2372 uaturoe3
564 2297 621 2360 sed
636 2297 692 2359 illa
707 2300 842 2360 materia
861 2315 935 2376 quae
985 2295 1058 2356 tiva
1074 2297 1104 2355 et
1119 2296 1297 2370 nutritiva,
1318 2311 1390 2372 quse
1409 2296 1561 2360 dicuntur
1574 2297 1658 2362 vires
1681 2303 1781 2363 natu-

1 2425 3 2444 2
131 2379 171 2440 in
186 2381 292 2458 primo
305 2381 435 2440 bomine.
450 2379 559 2438 tonnae
578 2378 728 2438 numana
741 2375 802 2438 luit
819 2377 935 2456 snbjc-
985 2373 1090 2446 rates,
1114 2377 1198 2436 esset
1219 2374 1464 2450 miraculosum
1481 2377 1568 2456 quod
1582 2381 1632 2440 est
1645 2378 1779 2442 omnind

132 2464 210 2530 cta,
235 2461 270 2520 in
293 2457 399 2537 scipsa
422 2455 664 2534 multiplicatur.
690 2457 729 2516 Et
754 2456 817 2518 boe
839 2458 934 2518 modo
984 2451 1227 2515 inconveniens.

1 2589 3 2604 ,
131 2538 308 2600 multitudo
326 2539 542 2598 bumanorum
564 2549 735 2612 corporum
756 2531 776 2596 d
797 2549 933 2614 corpore
1024 2532 1112 2594 Unde
1123 2533 1178 2594 alii
1189 2533 1340 2594 dixerunt
1351 2532 1435 2610 qudd
1447 2531 1550 2598 torma
1558 2533 1780 2616 bumanapot-

1 2651 7 2674 .
132 2617 233 2695 primi
254 2617 394 2678 bominis
416 2617 590 2677 derivatur.
614 2615 654 2674 Et
674 2613 850 2676 secundum
872 2615 932 2678 bos
985 2611 1174 2690 estquidam
1188 2611 1258 2672 lieri
1281 2612 1415 2672 denovo
1430 2609 1585 2690 inallqud
1600 2613 1664 2680 alid
1678 2623 1779 2678 mate-

132 2697 326 2759 alimentum
343 2713 409 2757 non
428 2694 626 2757 convertitur
642 2695 675 2753 ln
690 2692 858 2755 veritatem
872 2694 933 2756 bu·
984 2689 1050 2766 rid,
1066 2690 1093 2751 si
1108 2689 1327 2752 consideretur
1342 2694 1459 2754 natura
1476 2692 1619 2756 bumana
1636 2694 1668 2754 in
1684 2713 1778 2756 com-

131 2793 242 2838 mante
264 2781 410 2849 naturea3
431 2773 486 2836 sed
505 2774 615 2835 dicunt
637 2771 724 2850 qudd
745 2773 935 2836 elimentum
984 2771 1092 2842 muni,
1111 2786 1179 2830 non
1198 2773 1304 2832 autem
1324 2771 1352 2832 si
1372 2771 1548 2850 accipiatur
1565 2776 1662 2850 prout
1677 2779 1726 2836 est
1743 2775 1776 2837 in

132 2853 294 2934 accipitur
313 2861 351 2916 ut
368 2854 529 2934 quoddam
547 2853 724 2913 tomentum
744 2858 880 2927 naturae,
902 2853 934 2914 ld
983 2847 1046 2909 boc
1067 2849 1253 2923 individuo,
1275 2849 1396 2929 inquo
1422 2846 1524 2913 torma
1548 2849 1690 2915 bumana
1712 2853 1779 2918 lixa

132 2939 185 2997 est
205 2939 242 2995 ut
260 2935 389 2996 resistat
410 2934 527 2996 actioni
550 2933 667 2993 caloris
690 2933 867 3006 naturalis,
891 2949 934 2994 ne
983 2933 1093 2990 manet
1109 2929 1142 2990 in
1159 2927 1299 3006 quddam
1319 2928 1453 2992 materia
1472 2929 1702 3008 determinata,
1725 2931 1780 2996 cul

132 3019 306 3077 consumat
333 3013 500 3074 humidum
530 3011 689 3085 radicale3
716 3012 799 3074 sieut
823 3011 934 3090 plum-
983 3006 1088 3085 prirnd
1101 3007 1295 3087 imprimitur
1312 3009 1345 3070 in
1360 3010 1567 3089 generatione
1582 3007 1679 3090 hujus
1695 3013 1778 3074 indi-

134 3095 225 3155 bom.
245 3095 296 3156 vel
321 3095 472 3155 stannum
497 3089 682 3171 adjungitur
717 3095 870 3170 argento,
889 3106 933 3154 ne
984 3086 1089 3163 viduis
1103 3087 1346 3168 itaquddillam
1359 3089 1527 3152 materiam
1542 3087 1710 3169 nunquam
1724 3092 1779 3154 de-

134 3175 348 3234 consumatur
362 3189 420 3250 per
434 3173 553 3251 ignem.
983 3167 1062 3228 serit
1078 3182 1182 3247 usque
1201 3167 1240 3230 ad
1259 3168 1406 3232 ultimam
1424 3168 1579 3232 individui
1598 3171 1778 3250 corruptio-

175 3249 235 3313 Sed
252 3253 318 3315 bac
331 3251 449 3330 positio
464 3255 514 3311 est
529 3246 747 3329 multipliciter
759 3248 932 3313 irrationa-
983 3259 1068 3308 nem.
1084 3247 1124 3308 Et
1138 3249 1224 3310 hanc
1243 3247 1411 3310 materiam
1429 3247 1540 3312 dicunt
1557 3249 1778 3330 principaliter

133 3331 221 3394 bilis.
236 3331 342 3392 Primo
379 3331 485 3392 uidem
496 3330 573 3408 qula
584 3329 726 3409 ejusdcm
737 3329 871 3390 rationis
883 3334 933 3391 cst
983 3326 1144 3405 pertinere
1161 3327 1201 3388 ad
1218 3328 1386 3388 veritatem
1400 3325 1550 3391 bumana
1566 3331 1700 3392 naturas.
1717 3329 1777 3392 Sed

134 3411 221 3488 qudd
235 3409 345 3488 aliqua
390 3425 459 3472 rma
470 3410 571 3487 possit
582 3410 651 3470 lieri
662 3409 696 3468 in
707 3408 771 3470 alia
783 3409 929 3486 motoria,
983 3405 1061 3482 quio
1075 3405 1258 3486 hujusmodi
1270 3406 1405 3468 materia
1418 3423 1484 3468 non
1494 3407 1660 3470 sullicitod
1670 3425 1778 3487 quan·

134 3495 167 3551 et
183 3489 270 3568 qndd
285 3488 386 3568 possit
397 3489 562 3570 propriam
578 3488 746 3550 materiam
764 3487 930 3564 deseram
983 3485 1106 3546 titutem
1124 3485 1283 3560 debitam,
1298 3486 1475 3580 requiritur
1494 3491 1530 3548 ut
1546 3487 1696 3550 adveniat
1711 3489 1779 3554 alia

135 3569 167 3630 ct
184 3569 256 3632 idcb
269 3570 379 3630 omnia
393 3568 590 3650 generabilia
606 3571 682 3628 sunt
696 3568 929 3644 corruptibilia,
982 3565 1118 3626 materia
1137 3581 1195 3643 per
1214 3583 1458 3628 conversionem
1476 3565 1620 3628 alimenti
1641 3568 1674 3630 in
1692 3570 1777 3630 sub-

134 3650 167 3709 et
188 3649 394 3711 econverso.
419 3645 623 3708 Manifestum
647 3653 695 3706 est
716 3649 823 3708 autem
844 3648 930 3723 qudd
983 3646 1134 3707 stantiam
1148 3643 1281 3718 nutriti,
1297 3641 1456 3722 quantum
1475 3643 1613 3708 suiliclat
1626 3647 1666 3708 ad
1680 3647 1778 3710 dent-

134 3727 239 3790 torma
253 3729 393 3790 bumana
408 3728 513 3806 potest
522 3725 657 3787 delicere
671 3728 712 3787 ub
724 3724 785 3788 bac
795 3725 931 3790 materia
982 3727 1051 3784 turn
1072 3725 1293 3804 augmentum.
1312 3723 1455 3798 Etbanc
1475 3725 1643 3788 materiam
1666 3727 1778 3792 dicunt

134 3825 208 3885 quta
220 3809 250 3869 ci
262 3807 449 3886 subjiciturs
463 3806 608 3882 alloquin
622 3821 739 3884 corpus
752 3805 930 3867 humanum
982 3803 1173 3866 secundarid
1191 3803 1353 3882 pertinere
1374 3803 1415 3865 ad
1439 3803 1604 3868 veritatem
1626 3803 1777 3870 humanas

134 3886 344 3966 corruptibile
355 3903 421 3948 non
432 3889 526 3946 essct.
538 3885 626 3948 Unde
636 3885 832 3962 relinquitur
843 3885 929 3961 quod
982 3889 1125 3954 natorae3
1139 3883 1216 3961 quia
1231 3899 1297 3943 non
1313 3883 1491 3962 requiritur
1501 3883 1538 3944 ad
1552 3885 1691 3964 primum
1704 3903 1776 3948 esse

133 3968 234 4028 etalii
249 3967 390 4028 materiae
402 3963 553 4026 advenire
565 3965 677 4042 possit,
692 3965 803 4041 utiquo
816 3965 880 4024 alio
895 3967 929 4026 ln
982 3960 1149 4032 individui,
1164 3962 1219 4023 sed
1234 3963 1274 4024 ad
1286 3963 1500 4040 quantitatem
1511 3963 1674 4042 ejusdam
1685 3963 1775 4041 verb,

132 4046 303 4106 veritatem
327 4045 475 4106 humanae
501 4048 625 4104 naturae
646 4047 844 4104 transeunte.
867 4044 930 4104 Se-
982 4040 1101 4117 siquid
1117 4040 1203 4102 allud
1220 4041 1420 4104 adveninter
1436 4042 1601 4116 alimento,
1612 4059 1680 4104 non
1696 4061 1775 4123 per-

133 4123 240 4186 cundd
279 4125 334 4188 uia
352 4125 384 4184 in
399 4121 548 4184 omnibus
564 4136 704 4200 quorum
719 4121 854 4182 materia
872 4123 930 4182 in-
981 4119 1061 4180 tinet
1076 4119 1115 4180 ad
1132 4120 1299 4181 veritatem
1318 4120 1469 4184 bumana
1486 4125 1629 4198 naturas,
1645 4122 1777 4204 proprie

132 4141 341 4266 venituriota
357 4203 417 4264 sub
432 4217 499 4263 uno
514 4201 697 4272 individuo,
716 4215 780 4260 non
798 4205 847 4262 est
865 4201 929 4263 nisi
980 4197 1154 4276 loquendo.

132 4299 237 4344 unum
255 4283 455 4345 individuum
473 4283 507 4341 in
525 4277 592 4343 und
611 4280 729 4359 specie,
744 4281 826 4342 sicut
843 4285 931 4358 patet
1021 4277 1080 4338 Sed
1091 4278 1153 4340 hoc
1164 4278 1261 4340 etiam
1273 4279 1322 4341 est
1333 4278 1575 4355 inconveniens,
1588 4281 1776 4362 primoqui-

133 4361 167 4422 in
184 4363 252 4425 sole
268 4365 300 4424 et
317 4360 408 4436 lund,
426 4363 458 4424 et
473 4357 668 4442 hujusmodi.
686 4359 737 4422 Sic
750 4359 849 4440 igitur
861 4375 929 4420 nun
981 4355 1051 4418 dem
1066 4357 1144 4435 quia
1156 4357 1224 4420 base
1239 4357 1349 4438 opinio
1362 4358 1484 4440 judicat
1496 4359 1535 4422 de
1547 4361 1682 4426 materia
1696 4378 1777 4426 cor-

132 4442 290 4502 essctnisi
302 4459 404 4502 unum
419 4439 621 4502 individuum
634 4441 785 4502 humanae
797 4439 927 4516 speciei.
980 4449 1097 4514 porum
1119 4437 1296 4500 viventium
1315 4437 1356 4501 ad
1377 4438 1508 4524 modum
1528 4455 1701 4520 corporum
1721 4441 1777 4505 in-

132 4520 241 4582 Tertid
256 4519 334 4600 quia
352 4525 481 4582 nonest
499 4521 653 4598 possibile
668 4517 753 4598 qubd
770 4517 930 4594 multiplls
953 4555 956 4562 ·
981 4516 1216 4592 armatorum
1238 4518 1271 4579 in
1296 4519 1434 4597 qulbus,
1457 4520 1517 4581 etsi
1542 4519 1585 4582 sit
1603 4521 1705 4585 virtus
1734 4523 1776 4585 ad

133 4599 218 4662 calio
237 4600 379 4662 materia
395 4599 588 4674 attendatur,
605 4599 667 4660 nlsi
685 4597 737 4660 vel
752 4593 929 4659 secondtlrn
981 4597 1201 4674 generandum
1216 4597 1319 4660 simile
1334 4598 1367 4659 in
1382 4599 1507 4678 specio,
1522 4617 1587 4662 non
1602 4605 1711 4664 tamen
1726 4605 1777 4666 est

133 4679 345 4758 quantitatem
364 4675 506 4752 tantum,
524 4677 608 4739 sicut
621 4677 735 4739 accidit
752 4678 785 4738 in
803 4675 930 4739 rarela-
980 4675 1083 4737 virtus
1097 4675 1132 4737 in
1147 4677 1193 4738 eis
1212 4677 1251 4739 ad
1267 4678 1488 4757 generandum
1504 4680 1626 4758 aliquid
1646 4680 1706 4742 sibi
1726 4682 1776 4744 si-

133 4758 205 4832 clis,
216 4771 355 4837 quorum
367 4757 502 4820 matoria
513 4755 647 4836 suscipit
657 4757 796 4834 maiores
806 4757 929 4818 dimen·
980 4755 1054 4816 mile
1068 4753 1242 4818 secunddm
1256 4757 1470 4832 individuum3
1483 4775 1556 4837 quae
1567 4759 1694 4838 quidem
1708 4760 1775 4823 rir-

133 4837 253 4911 siones,
272 4839 320 4900 vel
335 4838 432 4899 etiam
446 4835 621 4898 secundum
634 4835 846 4897 substantiam
860 4849 929 4899 ma·
979 4839 1032 4896 tus
1053 4835 1087 4894 in
1108 4836 1297 4912 corporibus
1317 4836 1498 4900 virentibus
1516 4841 1567 4899 est
1586 4839 1688 4900 virtus
1708 4854 1775 4902 nu-

133 4918 233 4982 teriae.
247 4915 321 4980 Sola
341 4922 448 4978 autem
463 4913 574 4978 eadem
592 4913 772 4977 substantia
786 4915 928 4976 materies
981 4913 1101 4975 tritiva.
1122 4913 1208 4974 Nihil
1230 4929 1307 4995 erqo
1331 4931 1388 4994 por
1411 4918 1560 4979 virtutem
1584 4919 1775 4982 nutritivam

133 5003 301 5069 manente,
315 5014 381 5058 non
398 5000 501 5076 potest
515 4995 594 5068 dici,
609 4991 694 5074 quod
714 4993 755 5056 sit
770 4993 930 5070 mulnpli-
980 4989 1151 5054 adderetur
1163 4995 1353 5072 corporibus
1370 4997 1571 5072 viventibus,
1587 4998 1616 5059 'si
1633 4998 1774 5061 alimen-

133 5067 225 5148 cala3
245 5077 323 5156 qnia
346 5075 429 5138 idem
450 5075 490 5137 ad
514 5073 656 5154 scipsum
677 5091 742 5134 non
763 5073 929 5136 constituit
980 5077 1048 5134 tum
1067 5072 1099 5134 in
1117 5073 1283 5135 veritatem
1304 5077 1430 5139 naturae
1447 5075 1592 5154 ipsor'unr
1608 5093 1674 5140 non
1690 5095 1775 5140 eou-

133 5155 386 5229 multitudinem‚
403 5149 476 5216 crim
494 5170 626 5216 necesse
643 5151 684 5215 sit
698 5169 825 5213 omnem
841 5153 929 5214 mul·-
980 5157 1169 5216 verteretur.
1190 5153 1336 5216 Secundo
1356 5155 1434 5236 qnia
1453 5156 1556 5218 virtus
1578 5157 1774 5236 activaque

133 5233 302 5297 titudinem
320 5233 486 5314 exaliqua
503 5230 659 5296 divisione
680 5231 819 5295 causari.
838 5231 926 5296 Unde
980 5238 1028 5294 est
1043 5233 1078 5294 in
1094 5233 1232 5307 semiue,
1254 5237 1304 5296 est
1323 5235 1469 5313 quedam
1492 5235 1660 5314 impressio
1681 5235 1774 5299 deri·-

133 5319 260 5396 oportet
274 5313 359 5392 quod
380 5315 489 5392 aliqua
503 5311 568 5377 alia
585 5312 766 5376 substantia
784 5315 928 5375 materiae
980 5315 1056 5374 rata
1067 5313 1107 5376 ab
1117 5311 1226 5377 animi
1237 5315 1434 5394 generantis,
1445 5315 1528 5377 sicut
1540 5331 1641 5395 supra
1652 5315 1774 5380 dictum

22 5407 26 5414 ·
133 5392 347 5455 adv-eniatvel
360 5411 418 5471 per
432 5395 639 5464 creationem,
655 5393 704 5454 vel
723 5407 927 5472 perconter·
979 5395 1043 5467 est,
1072 5397 1184 5470 quaest.
1209 5409 1317 5472 prae,
1341 5398 1401 5454 art.
1426 5394 1455 5455 1.
1472 5393 1561 5458 Unde
1580 5411 1646 5456 non
1666 5399 1774 5475 potest

134 5473 258 5536 sionem
278 5475 410 5534 alterius
429 5472 461 5534 in
485 5475 599 5552 ipsam.
624 5473 712 5535 Unde
732 5471 928 5549 relinquitur
979 5485 1050 5534 esse
1071 5471 1202 5552 majoris
1224 5473 1350 5534 virtutis
1373 5473 1406 5534 in
1430 5491 1448 5536 a
1491 5475 1555 5534 ndo
1578 5472 1676 5556 quarn
1699 5477 1774 5554 ipsa

133 5553 220 5630 qudd
237 5571 302 5614 non
318 5558 420 5632 potest
437 5555 548 5632 aliqua
566 5554 700 5615 materia
720 5552 926 5628 multiplicari
978 5553 1105 5626 anima,
1125 5549 1145 5616 d
1163 5551 1228 5630 qua
1245 5554 1419 5616 derivatur.
1464 5559 1471 5614 l
1490 5567 1632 5634 orgo'cr
1653 5556 1774 5620 virtute

134 5633 198 5694 nisi
211 5651 267 5712 por
281 5631 538 5702 rarelactionom,
553 5632 635 5695 sicut
650 5633 723 5694 crim
738 5651 779 5695 cx
794 5631 878 5710 aqud
892 5631 927 5692 ut
979 5633 1109 5694 seminis
1124 5632 1199 5694 verb
1214 5633 1349 5696 assumit
1362 5633 1472 5712 aliqua
1484 5635 1620 5697 materia
1635 5633 1773 5699 sormam

135 5727 207 5786 acr3
231 5714 281 5776 vol
304 5732 361 5792 pcr
386 5713 580 5776 additionem
602 5713 734 5775 alterius
757 5711 820 5784 rei,
843 5711 926 5773 sicut
979 5717 1103 5775 naturae
1117 5711 1281 5788 humanos,
1296 5712 1398 5776 multo
1413 5714 1637 5792 mogieauima
1651 5715 1687 5778 in
1701 5733 1773 5778 nu·-

135 5793 366 5870 multiplicatur
376 5793 457 5874 iguis
470 5811 529 5873 per
540 5791 732 5859 additionem
743 5789 923 5868 lignorumr
978 5791 1623 5874 trimentumconiunctumpoteritveram
1633 5793 1774 5880 lomus!
