4020 6352
44 313 137 376 lm
327 311 466 386 QilAESl.
486 311 543 372 cx.
564 311 610 372 bil
629 307 872 370 sufflatoria
892 309 1104 376 emendabit
1123 313 1199 377 soe.
1219 315 1344 380 tituil.
1364 319 1464 380 cdlii·
1648 317 1720 384 m

41 437 186 497 luerent
199 430 419 497 immediatam
439 427 678 509 presidentium
700 429 799 506 sepia
819 427 871 489 in-
923 427 980 510 qui
994 429 1116 494 babent
1129 433 1367 514 praesidentiam
1381 449 1541 520 superres
1648 411 1720 506 con·

44 514 192 578 teriora
206 528 357 593 corpora,
373 511 437 573 nisi
450 509 531 571 lomb
550 509 676 571 animas
691 507 868 584 humanas;
923 525 1056 589 peream
1086 513 1204 577 borum
1236 518 1322 580 enim
1351 517 1534 582 ministerio
1572 521 1719 588 nterddln

43 601 83 658 et
123 595 196 657 boc
219 593 292 656 ideo
313 592 479 672 quianon
503 589 718 652 consideravit
742 589 869 668 aliquas
924 591 1022 653 etiam
1034 593 1191 658 miracula
1205 595 1296 658 dunt.

46 673 329 756 operationum
352 670 559 734 interioribus
676 669 765 732 ribus
778 687 871 734 eser·
924 670 1107 736 Arrreonus
1133 693 1168 736 u.
1191 709 1230 722 -
1256 674 1369 740 Utrum
1388 679 1519 742 motuis
1544 681 1720 762 corporatos

45 757 132 820 ceri
148 757 217 818 nisi
232 753 410 826 naturales,
424 751 561 830 adquae
575 765 614 812 su
651 750 754 812 ciebat
764 756 871 813 metm
965 749 1090 816 semler
1108 755 1487 835 mesocampum-
1504 759 1588 840 (Μ,
1608 771 1717 842 questi

46 830 888 989 supermateriaimaeau
963 830 1719 993 arimarii·uisae

48 997 240 1059 naturales
267 929 410 1057 arenianes
436 989 785 1070 corporeumque
805 1004 872 1052 non
966 926 1523 1080 ssio‚'a'qoie.·i‚m.1di‘²¹⁴⁰“‘
1591 965 1599 997 ⁹
1666 965 1674 983 ⁸

49 1075 239 1141 sufficiunt
249 1073 385 1138 virtues
400 1072 577 1134 celestium
594 1084 784 1149 corporum
800 1070 872 1133 idco
965 1071 1012 1133 Ad
1039 1075 1218 1138 secundum
1242 1077 1287 1139 sio
1312 1079 1507 1156 proceditur.
1530 1079 1559 1142 t.
1586 1079 1724 1146 Videtur

51 1153 322 1221 reeunoumnos
338 1160 470 1215 maesse
483 1155 532 1214 est
546 1159 686 1230 ponere,
704 1146 789 1229 qudd
802 1153 873 1212 An·
926 1151 1013 1231 quod
1032 1157 1168 1218 materia
1187 1159 1364 1235 corporalis
1389 1155 1518 1223 obediat
1533 1161 1664 1242 angelis
1679 1164 1722 1226 a'd

51 1238 135 1336 geli
161 1237 304 1298 habeant
323 1232 540 1332 immediutam
558 1230 793 1314 prouidentiam
804 1241 871 1291 non
925 1237 1052 1326 nutum
1072 1233 1176 1316 Major
1196 1241 1245 1298 est
1258 1237 1345 1298 enim
1364 1238 1466 1337 virtus
1482 1241 1595 1322 angeli
1622 1241 1721 1322 quim

52 1318 181 1378 solum
208 1327 309 1396 supra
342 1314 484 1375 solestia
514 1321 666 1390 eorporis,
699 1311 873 1374 sedetiam
926 1317 1028 1374 vrrtus
1049 1315 1176 1376 amma.
1193 1316 1253 1378 Sed
1268 1318 1469 1396 conceptioni
1484 1321 1602 1383 animo
1615 1323 1723 1384 obedit

53 1409 173 1475 supra
189 1407 228 1457 eo
290 1403 327 1457 ra
345 1392 511 1454 interiora.
925 1392 1061 1456 materia
1082 1397 1276 1474 corporalis3
1293 1399 1481 1460 immutatur
1498 1401 1586 1462 euim
1602 1405 1720 1486 terpus

103 1476 162 1536 Ad
183 1480 247 1536 tert
259 1487 315 1535 um
335 1469 506 1534 mendum
521 1467 610 1550 dudd
622 1470 662 1532 de
681 1465 871 1533 substantiis
927 1471 1067 1534 hominis
1086 1490 1127 1536 ex
1149 1477 1360 1554 conceptione
1379 1480 1497 1542 animm
1514 1479 1555 1542 ad
1580 1482 1721 1544 talomm

55 1555 341 1618 immaterialibus
359 1550 572 1616 memineat
593 1549 779 1630 philosophi
797 1553 873 1612 sunt
926 1556 958 1612 et
972 1550 1090 1632 trigas,
1111 1559 1142 1616 et
1154 1555 1350 1636 quandoque
1368 1567 1475 1636 nsque
1494 1561 1536 1622 ad
1549 1562 1721 1624 sanitatem

55 1636 185 1698 locuti.
202 1628 292 1696 Plato
303 1632 389 1695 enlm
403 1631 512 1711 posuit
530 1629 727 1692 substantias
756 1631 874 1692 imma·
926 1635 960 1692 et
972 1633 1203 1712 egritudinem.
1220 1637 1307 1716 Ergo
1316 1638 1417 1699 mubb
1430 1649 1481 1700 ma
1507 1640 1723 1704 'seecunddm

56 1717 205 1778 teriales
224 1731 296 1776 esse
312 1713 470 1786 rationes,
486 1715 517 1773 et
532 1711 655 1790 speclea
670 1711 873 1772 sensibilium
926 1713 1169 1790 conceptionem
1213 1717 1326 1796 angeli
1365 1719 1478 1780 materi
1541 1723 1723 1801 corporalis

59 1806 266 1874 corporum,
281 1797 313 1854 et
331 1791 488 1872 quasdam
506 1791 577 1852 aliis
600 1791 871 1864 uiriversaliores3
925 1794 1170 1857 transmutatur.

58 1881 96 1938 et
111 1875 192 1937 ideo
209 1873 320 1954 posuit
345 1870 541 1934 snbstantias
564 1870 792 1932 immateriales
812 1871 874 1934 ha-
965 1870 996 1930 li.
1012 1872 1186 1950 Preterea,
1211 1875 1367 1954 quidquid
1390 1877 1495 1956 potest
1515 1880 1618 1942 virtus
1638 1875 1723 1945 inle-

60 1956 151 2018 bere
174 1953 411 2034 praesidentiam
423 1941 640 2012 immediatam
658 1951 743 2012 eirea
764 1951 872 2013 omnio
926 1948 1005 2025 rior,
1030 1955 1135 2031 potest
1156 1955 1307 2017 virtussu
1333 1956 1428 2018 erior.
1450 1957 1510 2020 Sed
1532 1959 1632 2023 virtus
1653 1961 1724 2024 An*

60 2035 243 2097 sensibilia
258 2046 411 2112 corpora,
428 2029 616 2093 etdlversas'
632 2030 717 2092 circa
731 2029 863 2096 diversa
927 2030 989 2110 geli
1014 2036 1062 2093 est
1089 2036 1238 2112 superior
1261 1974 1359 2114 quXm
1389 2037 1493 2099 virtus
1521 2044 1722 2122 corporalis}

60 2115 265 2177 Aristoteles
284 2117 393 2176 autem
416 2111 541 2206 posuit,
556 2106 595 2170 ln
613 2109 767 2190 Metapin,
792 2113 871 2171 text.
927 2121 1044 2189 corpus
1060 2119 1166 2175 autem
1180 2113 1240 2176 sut
1258 2117 1374 2178 virtute
1388 2121 1492 2195 potest
1504 2119 1723 2186 transmutare

61 2193 131 2269 sa,
153 2193 244 2272 qubd
268 2195 457 2255 substantem
471 2190 701 2252 immateriales
718 2206 784 2251 non
799 2193 875 2252 sunt
926 2192 1097 2253 materiam
1116 2195 1316 2274 corporalem
1335 2195 1375 2257 ad
1399 2196 1534 2260 termam
1558 2199 1721 2280 aliquam3

63 2275 203 2354 species
224 2288 396 2352 corporum
427 2271 645 2344 sensibilium,
671 2269 730 2330 sed
752 2267 874 2350 aliquid
928 2269 1011 2330 sieut
1032 2275 1119 2349 patet
1138 2271 1210 2334 edm
1234 2275 1315 2354 ignis
1361 2279 1472 2338 encrat
1495 2277 1613 2360 ignem.
1638 2279 1728 2362 Ergo

63 2355 173 2416 altius
198 2355 231 2415 et
249 2347 484 2424 universalium
496 2352 528 2412 et
546 2349 618 2411 ideb
640 2365 705 2410 uon
729 2349 875 2412 attribuit
927 2349 1029 2411 multo
1046 2350 1158 2414 lortids
1170 2355 1287 2416 virtute
1303 2293 1363 2417 εεξ
1377 2359 1425 2416 lin
1449 2355 1490 2418 eli
1506 2363 1644 2438 possunt
1657 2373 1724 2423 ma·

63 2435 118 2495 eis
134 2433 355 2494 immediatam
408 2431 606 2493 residentiam
625 2443 723 2508 supra
746 2429 874 2510 singula
927 2431 1042 2491 teriam
1063 2435 1264 2516 corporalem
1281 2437 1428 2497 transmu
1464 2451 1501 2498 re
1523 2437 1564 2500 ad
1580 2438 1725 2520 aliquam

65 2529 231 2594 corpora,
245 2512 299 2574 sed
315 2511 361 2573 sol
388 2530 419 2572 m
439 2521 539 2590 supra
553 2509 751 2574 universalia
773 2517 876 2589 agen-
927 2507 1074 2570 termam.

65 2595 139 2668 tia,
170 2606 245 2670 quo
263 2593 340 2653 sunt
367 2599 505 2669 corpora
526 2583 678 2651 colestia.
710 2587 875 2651 liricenna
968 2587 998 2647 ii·
1013 2591 1190 2666 Praeterea,
1205 2593 1273 2656 tota
1293 2601 1410 2657 natura
1426 2595 1603 2676 corporalis
1620 2597 1726 2660 admi»

67 2671 154 2734 verd
177 2671 315 2734 mersam
335 2671 422 2734 riam
438 2673 570 2732 secutus
590 2673 648 2731 est.
664 2667 774 2730 Posuit
788 2669 874 2730 enirn
928 2668 1086 2732 nistratur
1103 2688 1160 2749 per
1180 2673 1340 2750 Anvelos,
1361 2677 1399 2735 ut
1419 2673 1538 2736 dictum
1557 2679 1606 2738 est
1618 2679 1722 2741 artie.

67 2766 149 2814 eum
172 2752 304 2814 Platone
320 2750 464 2830 aliquam
484 2747 698 2811 substantiam
715 2747 874 2828 spiritua·
927 2748 1076 2888 Kraeced,
1091 2755 1122 2811 et
1137 2751 1184 2814 sic
1201 2719 1327 2833 videtur
1346 2750 1432 2832 qubd
1449 2771 1505 2817 cor
1528 2771 1585 2819 ora
1606 2772 1640 2820 se
1659 2756 1726 2822 ha-

66 2832 138 2895 lem
153 2831 378 2912 praesidentem
391 2827 573 2890 immediate
595 2829 728 2910 spliaeru
748 2828 876 2890 activo-¹
950 2829 1060 2890 entad
1075 2831 1500 2911 Angelossicutinstrumen
1543 2852 1646 2909 ;nam
1664 2853 1726 2902 ra-

67 2928 162 2987 rum,
176 2916 207 2973 st
221 2911 444 2992 passivorum,
461 2905 598 2989 eoquod
613 2909 695 2970 sieut
711 2905 799 2970 Plato
815 2923 876 2988 poa
928 2907 973 2966 tio
989 2907 1196 2972 instrumenti
1213 2917 1262 2972 est
1281 2911 1367 2990 quod
1383 2914 1424 2975 sit
1435 2923 1568 2978 merens
1588 2917 1723 2980 motuni.

69 2993 190 3066 nebat,
229 2991 292 3054 udd
307 2990 416 3052 lormae
435 2989 550 3052 lterum
569 2988 770 3050 sensibilium
785 2987 876 3050 dert—
929 2985 990 3047 Sed
1003 2987 1037 3048 in
1050 2987 1214 3052 ellectlbns
1230 2985 1354 3072 aliquid
1368 2994 1535 3055 inuenitur
1548 3005 1588 3057 ex
1604 2997 1724 3062 sirtille

69 3010 226 3135 vantur}
234 3070 422 3132 substantiis
436 3069 714 3154 immaterialibus,
725 3067 767 3128 ita
779 3068 876 3130 etiam
929 3067 1157 3148 principalium
1170 3073 1334 3150 agentium
1351 3071 1436 3152 quod
1456 3087 1523 3134 nen
1534 3078 1639 3153 potest
1652 3085 1724 3140 esse

70 3151 242 3214 avicenna
265 3151 326 3214 hoo
343 3151 461 3230 posuit.
485 3145 548 3210 Sed
565 3149 598 3209 in
621 3144 682 3210 noe
702 3145 721 3211 i
743 3145 875 3210 Halone
928 3159 987 3226 per
998 3147 1150 3210 virtutem
1164 3147 1389 3225 instrumenti;
1403 3156 1434 3214 et
1452 3149 1575 3217 horest
1591 3155 1620 3216 id
1638 3153 1728 3236 qnod'

69 3227 192 3308 differt,
207 3229 292 3310 qnod
301 3225 651 3309 posuitunamtantdm
661 3227 876 3290 substantiam
928 3229 977 3287 est
991 3229 1204 3308 principalius
1215 3229 1248 3290 ln
1262 3224 1395 3306 ellectu3
1408 3233 1492 3294 sicut
1508 3231 1643 3315 digesdo
1656 3253 1725 3300 nu-

70 3311 322 3372 immatcrialem
338 3309 561 3390 presidentem
585 3307 736 3369 omnibus
754 3322 876 3386 corpo·-
927 3306 1069 3368 trimenti
1087 3309 1136 3369 est
1159 3325 1218 3388 per
1232 3310 1381 3372 virtutem
1404 3310 1521 3376 caloris
1544 3309 1701 3379 naturalis

69 3393 167 3452 ribus
191 3389 416 3466 interioribuS,
431 3399 530 3468 quarn
550 3388 676 3450 vocavit
693 3387 879 3466 solersqu-
927 3387 984 3464 qui
1004 3387 1313 3450 estinstrumentum
1338 3391 1454 3454 animai
1475 3394 1652 3473 nutritive,
1669 3363 1729 3459 sed

72 3472 152 3532 turm
165 3477 315 3550 spontem.
332 3469 485 3532 Doctores
508 3471 615 3530 antem
629 3467 731 3529 saneti
751 3481 876 3546 posuc-
928 3465 1014 3546 quod
1025 3471 1200 3546 generetur
1211 3485 1287 3531 caro
1299 3469 1385 3544 viva,
1395 3475 1445 3532 est
1457 3483 1498 3533 er
1515 3475 1632 3538 virtute
1646 3475 1725 3537 ani-

69 3554 167 3624 runt‚
187 3552 269 3612 sicut
289 3547 461 3621 Platonici,
475 3547 618 3610 diversas
640 3549 737 3608 rebus
754 3563 875 3628 corpo·
928 3547 1168 3620 mm;·similiter
1181 3549 1267 3628 quod
1286 3556 1413 3612 secetur
1428 3551 1567 3632 lignum,
1585 3556 1724 3634 pertinet

70 3631 138 3692 reis
159 3629 358 3692 substantias
381 3628 564 3708 spirituales
584 3645 655 3689 esse
694 3627 872 3708 repositas.
927 3625 1114 3703 adsertam,
1131 3623 1187 3690 sed
1203 3628 1291 3708 quod
1308 3633 1516 3710 perveniatur
1534 3631 1576 3696 ad
1589 3635 1726 3698 termam

70 3710 158 3772 llicit
171 3707 258 3770 enim
271 3709 473 3788 Augustinus
492 3707 525 3768 in
543 3695 599 3768 lib.
615 3705 658 3766 83
725 3699 871 3786 .‚qu.lii‚
926 3704 1012 3780 lecti,
1025 3707 1073 3768 est
1090 3707 1260 3769 eriirtute
1273 3704 1416 3772 artificis.
1428 3711 1513 3792 Ergo
1528 3712 1630 3776 lomna
1648 3717 1725 3776 sub·

70 3789 104 3851 i¹¹
144 3781 488 3930 paq-gepaqoq
508 3785 788 3928 tristitias
813 3783 875 3926 lif
927 3785 1484 3930 {latitassetatrilii
1505 3793 1537 3931 i
1558 3784 1723 3934 0³⁰⁰ii¹¹⁸
1739 3879 1743 3884 -κ

66 3880 589 4030 Ziottsrlttaqn;etnaq1r1cg;ctccrt¹lmgiffl;
604 3883 871 4037 libierthffiid„
927 3884 1008 4040 terlla
1028 3960 1104 4026 erge
1124 3912 1230 4036 obedit
1242 3883 1642 4014 Zdlgllssiligbrffifflnffl
1658 3891 1725 4016 Αἴ-

71 4040 145 4107 cap.
163 4027 202 4088 i:
220 4021 375 4090 Diabolus
386 4031 453 4088 eret
468 4037 506 4086 ea
521 4025 561 4086 tis
576 4025 726 4104 capaticis
741 4031 875 4088 virtuts·
926 4024 1016 4102 gelos.

72 4107 130 4169 bees
143 4115 373 4190 quoprueroot
385 4105 525 4169 terrestri
538 4105 663 4172 ordiri:
675 4108 707 4166 et
718 4103 873 4182 Origenes
966 4091 1029 4163 Sed
1042 4105 1155 4165 centra
1169 4107 1218 4167 est
1236 4097 1323 4184 quod
1336 4107 1384 4168 stu
1408 4101 1536 4188 ustinus
1556 4107 1633 4172 dicit
1649 4110 1668 4171 3
1685 4111 1725 4176 de

71 4187 151 4250 dicit
175 4195 273 4267 snper
297 4185 375 4248 illud
400 4184 531 4247 Numer.
553 4183 621 4245 22:
646 4183 725 4246 Cdm
745 4183 873 4245 vidisset
926 4181 1053 4257 Trinit,
1132 4183 1174 4246 .8
1194 4180 1228 4246 in
1266 4187 1374 4248 rinc.:
1423 4190 1722 4270 oaestputoodum,
1767 4227 1769 4240 ·

71 4269 167 4330 osiae
181 4265 343 4348 Ampelum,
358 4263 443 4347 qudd
456 4270 533 4344 opat
548 4271 592 4326 est
604 4265 720 4325 muodo
731 4262 871 4342 stupetis,
925 4263 995 4324 istis
1007 4271 1078 4354 troo
1116 4201 1419 4346 ressorefosoapetu
1436 4267 1725 4334 ooaotomcerotre

71 4343 874 4506 seruatusirrestauratae:
926 4340 1725 4512 tiastillatestimaretur}ir

71 4525 168 4582 num,
194 4515 223 4568 et
245 4471 423 4568 ceterorum
448 4515 553 4565 rtrum
577 4467 786 4566 tne’roneotts.
814 4497 877 4563 Sed
927 4509 1079 4576 suerunt,
1096 4501 1301 4585 formasque
1321 4511 1398 4569 sunt
1416 4508 1455 4568 in
1469 4507 1605 4574 materia
1644 4526 1726 4576 eau-

72 4587 137 4648 hoc
151 4601 218 4648 non
235 4590 283 4648 est
297 4581 482 4666 ponendum
495 4587 630 4664 prepter
644 4583 704 4646 boo
717 4581 803 4662 qubd
816 4597 873 4676 se·
926 4583 993 4644 sari
1009 4597 1050 4644 ex
1073 4581 1339 4648 immaterialibus
1359 4583 1481 4666 termis,
1501 4589 1580 4668 quia
1603 4556 1723 4656 formas

73 4663 589 4740 cunddmsunmnaturamunus
613 4663 661 4723 lin
686 4663 820 4724 clasma
847 4681 876 4724 is
925 4661 1108 4725 materiales
1144 4667 1310 4742 ponebant
1351 4681 1423 4729 esse
1459 4667 1723 4748 participationes

76 4767 110 4808 se
124 4748 243 4809 habeat
257 4746 297 4808 ad
309 4740 544 4826 praesidendum
562 4675 756 4835 animaqibus
775 4681 874 4836 qugm
926 4743 1083 4825 quasdam
1110 4742 1373 4806 immaterialium
1392 4745 1581 4810 termarum.
1602 4743 1642 4808 Et
1663 4749 1723 4813 hos

76 4824 217 4907 plantis,
235 4827 313 4905 quia
330 4822 467 4904 quilibet
480 4823 640 4902 Angelus,
655 4825 751 4882 etiam
771 4837 875 4882 mmi-
926 4821 1084 4900 quantum
1107 4823 1146 4885 ad
1170 4819 1296 4902 aliquid
1314 4830 1443 4888 secutus
1468 4829 1517 4889 est
1535 4827 1725 4907 avicenna,

76 4923 166 4980 mue,
185 4893 282 4967 babet
305 4904 453 4986 altiorem
474 4903 625 4964 virtutem
647 4903 678 4962 et
699 4899 875 4964 universa·
926 4901 983 4980 qui
1000 4901 1128 4979 posuit,
1144 4909 1255 4965 omnes
1271 4897 1388 4968 termas
1406 4918 1480 4984 quse
1498 4910 1575 4968 sunt
1592 4907 1626 4968 in
1648 4921 1725 4972 ma-

75 4987 192 5048 liorem
222 4983 322 5064 quam
348 4981 480 5060 aliquod
505 4991 606 5063 penus
635 4979 873 5059 corporalium
926 4979 1351 5060 teria‚prooedereacooee
1376 4983 1461 5048 tione
1482 4985 1723 5068 intelligenti&

76 5065 134 5130 scd·
146 5077 189 5126 ex
201 5065 312 5125 ordine
326 5063 441 5124 divina
455 5061 636 5142 sapientias,
654 5075 726 5138 quae
740 5059 874 5144 diversis
926 5059 960 5121 el
972 5057 1058 5138 quod
1075 5062 1203 5141 agentia
1219 5073 1335 5144 corpor
1369 5065 1401 5136 ia
1423 5066 1500 5128 sunt
1522 5064 1628 5128 solum
1651 5067 1725 5132 dis-

76 5147 175 5208 rebus
199 5146 344 5206 diversos
365 5146 505 5205 lectores
529 5141 716 5220 preposuit.
740 5139 803 5202 Nec
822 5145 876 5202 ta·
926 5140 1080 5221 ponentia
1089 5141 1129 5203 ad
1143 5141 1273 5205 termas.

77 5243 151 5288 men
173 5242 233 5303 pro
258 5229 307 5285 ter
326 5221 550 5299 hoesequitur
569 5215 655 5298 qudtl
679 5219 744 5281 sint
764 5219 873 5298 plures
966 5219 1027 5296 Qui
1052 5220 1085 5282 in
1107 5221 1169 5283 lioe
1194 5223 1344 5286 videntur
1364 5221 1463 5286 luisse
1487 5221 1623 5322 decepti,
1645 5229 1723 5308 qnia

78 5303 221 5397 ordines·
250 5297 420 5384 ngelor'um
431 5299 529 5379 quam
540 5307 672 5372 novsm3
686 5300 775 5378 qula,
793 5299 876 5391 sicut
927 5299 1196 5397 existimaverunt
1216 5297 1350 5398 termam
1365 5303 1459 5384 quasi
1476 5299 1675 5402 aliquid'per
1690 5327 1724 5404 se

78 5377 728 5544 illieliltiiailatstaillia
745 5377 877 5540 iiiii
927 5377 1126 5540 {iisset
1141 5382 1543 5544 olalaliiltiilii
1558 5405 1724 5544 §iiiiii

79 5549 166 5612 Unde
181 5547 264 5610 sicut
278 5539 454 5609 secundum
470 5542 674 5622 Gregorium,
687 5541 773 5601 hem.
793 5537 831 5598 ai
843 5539 875 5600 in
928 5532 1114 5619 'liletapim
1132 5546 1210 5604 text.
1222 5537 1261 5602 m
1291 5544 1352 5605 laec
1364 5546 1450 5623 quod
1462 5545 1591 5626 proprie
1605 5545 1657 5622 lit,
1672 5553 1725 5612 est

79 5629 217 5710 Evang.,
234 5622 363 5696 amm,
380 5623 578 5685 adordinern
590 5616 784 5682 Potestalum
799 5637 877 5697 per-
929 5621 1154 5700 compositum.
1183 5623 1253 5685 Hae
1285 5624 1372 5684 enim
1400 5623 1529 5706 proprie
1551 5631 1600 5688 est
1628 5629 1724 5706 quasi

80 5709 183 5772 tinent
193 5723 305 5769 omnes
323 5703 436 5784 Angeli
451 5703 507 5782 qui
523 5703 643 5764 babent
659 5697 789 5782 proprie
802 5713 878 5780 pros·
930 5701 1126 5776 subsistens3
1152 5695 1255 5776 torma
1279 5707 1388 5766 autem
1414 5723 1481 5768 non
1507 5706 1624 5768 dicitur
1652 5728 1726 5786 ens,

81 5789 250 5851 sidentiam
273 5802 371 5864 super
393 5781 574 5857 daemones3
597 5781 642 5846 ita
666 5781 705 5844 ad
731 5777 876 5844 ordinem
930 5778 1025 5923 qumi
1048 5781 1116 5859 ipsa
1139 5783 1196 5856 sit,
1214 5781 1269 5844 sed
1289 5785 1372 5846 sieut
1410 5804 1453 5847 ue
1472 5781 1594 5864 aliquid
1616 5791 1680 5863 est3
1694 5793 1726 5852 et

86 5871 246 5936 Virtutum
264 5865 427 5948 pertinere
450 5863 600 5926 videntur¹
623 5880 735 5936 omnes
761 5859 876 5948 angeli
930 5879 977 5924 sc
1001 5879 1059 5949 per
1084 5877 1285 5949 consequens
1313 5878 1372 5927 nec
1390 5803 1496 5934 ?0rmd
1520 5867 1650 5958 proprie
1673 5867 1725 5944 nt,
