4018 6346
81 318 156 376 roes
434 318 566 392 ouusr.
586 317 704 378 txxrr.
722 319 768 378 ou
787 315 913 380 umore
931 317 1049 380 sume
1067 319 1115 378 ao
1130 321 1272 384 coneus.
1478 269 1489 319 ³
1674 341 1744 404 mm

81 433 168 492 text.
189 430 258 493 25.
287 431 318 500 si
334 431 406 512 quis
423 437 529 494 autem
543 435 619 498 velit
641 435 746 499 dicere
764 435 905 499 animam
998 435 1142 502 Secundo
1164 443 1241 518 quia
1262 437 1334 502 cem
1355 441 1500 508 Socrates
1522 449 1562 511 sit
1583 457 1743 531 quoddam

79 510 344 574 intellectivam
381 530 445 574 non
477 531 547 575 esse
575 516 718 592 corporis
748 514 904 591 iormam,
959 516 1728 604 individuuminnaturd,ru'usessentiaestuna

80 594 228 666 oportet
248 593 342 670 qubd
358 592 501 652 inveniat
515 593 641 655 rhodum
659 610 724 671 quo
734 595 796 656 ista
808 595 904 668 actio,
958 597 1132 674 composita
1145 615 1186 660 ex
1199 599 1331 660 materia
1343 607 1375 662 et
1401 602 1502 674 orma.
1520 607 1546 670 si
1562 583 1741 682 intellectm’

79 685 162 746 quse
182 675 246 730 est
269 671 465 751 intelligere,
489 672 530 732 sit
545 671 640 752 hujus
656 670 794 734 hominis
809 672 903 734 acio.
958 689 1023 734 uon
1041 673 1081 734 sit
1095 673 1195 738 torma
1209 677 1291 758 ejus,
1306 679 1452 774 sequitur
1465 685 1549 761 qudd
1571 691 1611 750 sit
1627 703 1743 772 preter

79 749 402 824 Experiturenim
428 750 653 830 unusquisque
677 752 904 831 seipsumesse
958 753 1128 814 essentiam
1142 755 1228 835 ejus;
1246 756 1335 818 etsie
1350 760 1527 826 intellectus
1542 763 1758 850 comparabo*
1812 819 1816 824 .

80 827 142 906 qut
167 827 352 906 interregis,
958 830 1063 892 torad
1082 837 1181 895 totum
1204 833 1365 898 Socratem
1387 839 1469 901 sicut
1492 848 1597 907 motor
1614 851 1654 911 ad
1672 871 1742 914 mo

123 905 353 970 attribuitur
365 910 472 970 autern
489 906 599 984 aliqua
618 907 702 970 actio
726 907 822 970 alicui
844 907 906 970 tri·
958 914 1037 971 tum.
1053 909 1234 992 Intelligere
1248 919 1356 976 autem
1369 919 1509 982 estactio
1525 927 1693 1001 quiescens
1707 934 1740 997 iu

82 983 254 1063 pliciter,
278 991 315 1048 ut
334 990 421 1066 patet
442 1003 498 1064 por
516 985 763 1064 Philosophum,
788 985 866 1048 bPh
890 1019 905 1032 -
957 991 1084 1068 agente,
1099 1007 1165 1050 uon
1177 994 1284 1054 autem
1298 995 1457 1058 transiens
1475 998 1506 1058 io
1520 1001 1659 1068 alterum
1684 1010 1743 1072 sio·

82 1061 159 1133 sic,
181 1067 329 1126 texti.
353 1064 476 1124 Dicitur
500 1063 584 1128 cuim
606 1081 734 1126 morere
758 1006 903 1144 aliquid,
956 1069 992 1126 ut
1019 1066 1195 1130 calefactio.
1218 1070 1287 1131 Non
1312 1088 1389 1152 ergo
1431 1074 1530 1140 intelli
1553 1099 1607 1144 ere
1634 1054 1741 1165 ρι’)ιεει

82 1147 143 1202 aut
162 1159 284 1222 agere
299 1144 348 1204 sel
363 1141 537 1206 secundum
557 1159 591 1202 se
606 1146 724 1212 toturn,
739 1143 822 1206 siout
835 1161 905 1205 me-
956 1144 1087 1206 attribui
1099 1145 1221 1210 Socrati
1240 1153 1370 1228 propter
1389 1151 1452 1215 hoc
1469 1171 1514 1233 qu
1567 1165 1616 1222 est
1632 1172 1739 1230 motus

83 1219 184 1282 licus
220 1227 345 1296 sanat,
373 1225 430 1284 aut
459 1217 633 1282 secundum
658 1225 796 1301 partem,
823 1221 906 1285 sicut
956 1223 1185 1286 subintellecta.

80 1299 194 1362 bomo
226 1302 321 1362 videt
349 1319 406 1379 per
424 1299 568 1373 oculum;
586 1305 643 1362 aut
683 1319 720 1362 er
735 1299 903 1374 accidens,
996 1300 1102 1362 Tertid
1119 1305 1194 1380 quia
1216 1305 1298 1367 actio
1322 1309 1453 1372 motoris
1469 1331 1635 1393 nunquam
1652 1323 1741 1387 attri.

80 1377 176 1439 sieut
193 1379 341 1450 dicitur,
363 1377 448 1472 qudd
465 1379 574 1441 album
589 1379 646 1440 redi
671 1383 737 1450 cat,
761 1379 837 1458 quia
851 1395 905 1442 ao-
956 1379 1065 1441 buitur
1076 1385 1162 1442 moto
1173 1383 1234 1444 nist
1245 1385 1555 1464 sioutrnstrumeuto‚
1563 1396 1646 1460 sieut
1657 1405 1740 1466 actio

82 1456 166 1518 cidit
181 1458 385 1522 aediticatorr
398 1475 468 1520 esse
486 1456 612 1530 album3
631 1454 703 1520 culm
721 1457 818 1537 igitur
829 1457 904 1520 dioi-
956 1460 1148 1536 carpentarii
1170 1477 1277 1524 serres.
1297 1463 1327 1524 Si
1345 1463 1443 1544 igitur
1459 1470 1636 1553 intelligere
1651 1483 1741 1543 attri-

82 1553 188 1606 mus,
212 1537 406 1608 Socratem,
433 1541 491 1597 aut
517 1535 681 1598 Platonem
707 1535 903 1630 intelligere,
956 1537 1066 1598 buitur
1086 1537 1217 1611 Socrati,
1234 1542 1310 1619 quia
1331 1548 1379 1605 εει
1400 1546 1483 1608 actio
1496 1556 1634 1618 'motoris
1657 1559 1739 1638 ejus,

82 1613 322 1678 manifestum
339 1619 388 1676 cst
409 1613 494 1694 qudd
517 1630 582 1676 non
595 1615 781 1676 attribuitur
794 1632 823 1676 er
847 1631 904 1692 per
955 1617 1102 1694 sequitur
1127 1617 1210 1696 qudd
1235 1619 1431 1684 attribuatur
1457 1627 1487 1688 ci
1512 1628 1594 1692 sicut
1621 1635 1741 1700 iustru-

85 1693 282 1768 accidens,
309 1693 496 1756 attribuitur
512 1693 596 1754 cuim
622 1693 670 1766 ei,
687 1693 720 1753 in
746 1697 903 1770 quantum
955 1700 1084 1754 ruente:
1104 1695 1190 1772 quod
1212 1702 1261 1758 est
1280 1705 1392 1762 contra
1412 1702 1651 1786 Philosophum,
1670 1714 1685 1775 1
1702 1716 1740 1780 de

85 1777 141 1832 est
170 1773 304 1846 home,
322 1772 407 1851 quod
431 1771 619 1833 essentiatur
645 1771 834 1848 praedicatur
864 1771 903 1832 de
955 1770 1081 1842 Anime,
1105 1777 1182 1834 text.
1208 1774 1258 1847 12,
1282 1777 1339 1855 qui
1363 1781 1430 1840 vult
1451 1783 1537 1860 qudd
1562 1787 1740 1872 intelligere

88 1850 182 1928 ipso.
213 1853 287 1913 Aut
300 1867 410 1931 ergoo
432 1849 644 1922 ortetdieere,
660 1849 745 1941 qudd
758 1849 902 1912 Socrates
955 1861 1019 1910 nou
1033 1851 1073 1912 sit
1087 1869 1144 1928 ρει·
1159 1855 1406 1918 instrumentum
1422 1876 1623 1938 corporeum.

88 1929 206 1992 intelli
238 1931 262 1991 it
279 1929 398 1994 secund
425 1949 454 1989 m
469 1945 503 1990 se
516 1932 636 2001 totum,
654 1931 737 1990 secut
748 1927 837 1990 Plato
847 1945 905 2006 po·
993 1929 1114 2004 Quartd
1128 1931 1217 2008 quia,
1240 1931 1314 1995 lieet
1327 1935 1410 1996 actio
1424 1940 1524 2015 partis
1545 1945 1741 2012 attribuatur

88 2008 181 2080 suit,
232 2008 385 2080 icens,in
408 2006 904 2080 thleib.,hominemesseani-
955 2007 1024 2078 toti,
1043 2009 1175 2070 utactio
1190 2011 1274 2072 oculi
1294 2013 1615 2098 homini;nuuqudm
1631 2027 1740 2091 tamen

91 2104 188 2149 mam
209 2086 463 2158 intellectivam
477 2089 533 2147 aut
546 2087 671 2164 oportet
684 2083 804 2160 dicere,
818 2083 904 2164 qudd
954 2085 1139 2147 attribuitur
1152 2087 1205 2150 atii
1221 2091 1316 2166 parti,
1332 2091 1393 2154 nisi
1409 2091 1489 2156 iortd
1503 2114 1559 2174 per
1571 2103 1739 2180 accidens3

90 2163 296 2230 intellectus
312 2166 353 2226 sit
365 2165 475 2258 aliqua
489 2179 564 2243 pars
578 2163 727 2226 Socratis.
954 2180 1019 2223 non
1035 2165 1119 2226 enlm
1136 2165 1282 2238 dicimus,
1302 2169 1387 2247 (tuM
1403 2189 1516 2236 manus
1530 2177 1643 2252 Videat.
1657 2201 1742 2262 pro-

134 2243 182 2304 Et
199 2246 347 2324 primum
372 2243 500 2321 quedem
525 2246 611 2304 staro
631 2258 696 2302 non
741 2245 839 2314 otest,
867 2244 904 2303 ut
954 2247 1024 2380 pter
1038 2242 1098 2305 hoc
1113 2243 1197 2382 pudet
1210 2246 1321 2310 oculus
1337 2247 1431 2310 videt.
1447 2249 1477 2311 Si
1491 2269 1567 2334 crgo
1582 2274 1622 2318 cx
1641 2259 1742 2324 intel-

93 2340 207 2400 supra
234 2327 401 2385 ostensum
424 2325 492 2396 est,
514 2338 547 2400 q.
566 2319 700 2394 ld,art.
747 2324 904 2400 ,propter
967 2324 1050 2394 ectu,
1066 2324 1098 2382 et
1140 2327 1246 2386 ocrate
1270 2323 1304 2386 ιιι
1326 2343 1439 2402 uuum,
1458 2330 1542 2392 actio
1561 2335 1741 2404 intellectus

93 2399 161 2462 hoc
191 2401 287 2479 qudd
313 2401 382 2480 ipse
395 2399 475 2461 idem
502 2399 598 2461 homo
622 2402 671 2462 est
692 2399 748 2478 qul
771 2399 904 2477 percipit
956 2415 1020 2460 non
1035 2404 1139 2476 potest
1154 2403 1284 2465 attribui
1299 2403 1432 2468 Socrati.
1451 2407 1481 2468 Si
1498 2411 1575 2474 verb
1593 2413 1740 2480 Socrates

96 2497 134 2541 se
158 2480 352 2562 intelligere
372 2482 405 2541 et
420 2479 549 2540 sentire.
571 2477 695 2540 Sentire
714 2481 821 2540 autem
837 2494 902 2538 uon
955 2481 1002 2538 est
1016 2481 1127 2552 totum,
1140 2481 1224 2558 quod
1240 2483 1442 2562 componitur
1452 2503 1493 2548 ex
1505 2492 1625 2553 unione
1640 2494 1742 2558 intol-

96 2563 149 2620 est
161 2561 243 2622 sinc
253 2557 751 2652 corpore.Undeoportetcorpus
761 2556 902 2634 aliquam
954 2553 1054 2618 lectds
1070 2555 1108 2618 ad
1120 2558 1326 2638 reliquaque
1336 2568 1412 2625 sunt
1423 2563 1574 2640 Socratis,
1590 2576 1741 2640 ettamen

99 2655 177 2702 esse
196 2639 342 2698 homims
355 2639 488 2717 partem.
953 2633 1133 2696 intellectos
1150 2654 1214 2698 non
1226 2637 1336 2700 unitur
1349 2641 1502 2720 aliisque
1515 2653 1591 2708 suut
1602 2649 1741 2716 Socratis

140 2716 359 2794 Relinquitur
370 2731 447 2794 ergo
461 2713 545 2792 qudd
562 2712 752 2784 intellectus,
766 2727 831 2790 quo
847 2711 904 2774 So·
955 2711 1017 2773 uisi
1032 2713 1114 2774 sicot
1127 2720 1246 2785 molon
1261 2719 1408 2794 sequitur
1420 2721 1504 2798 qudd
1516 2721 1660 2790 Socrates
1674 2747 1740 2795 non

100 2799 219 2858 crates
233 2794 401 2873 intelligit,
417 2797 465 2854 est
479 2793 588 2871 aliqua
605 2808 680 2871 pars
693 2791 843 2862 Socratis,
858 2790 904 2854 ita
955 2791 995 2854 sit
1009 2807 1110 2852 unum
1131 2791 1327 2872 simpliciter,
1343 2801 1375 2858 et
1390 2815 1448 2876 per
1465 2816 1666 2881 consequeus
1682 2825 1742 2874 nec

101 2873 196 2964 qudd
215 2873 396 2936 intellectus
411 2869 628 2950 aliquomodo
644 2870 771 2948 corpori
784 2869 904 2932 Socra·
955 2886 1013 2933 cns
1025 2869 1220 2948 simpliciter,
1231 2873 1277 2936 sic
1290 2873 1375 2936 enim
1386 2876 1507 2956 aliquid
1519 2885 1645 2958 estcus,
1660 2901 1743 2966 que·

104 2953 145 3012 trs
160 2953 314 3014 uniatur.
333 2951 424 3012 lianc
436 2955 545 3013 autem
560 2949 714 3011 unionem
729 2947 905 3014 Cemmeu-
955 2946 1050 3010 modi
1067 2954 1098 3010 θῑ
1112 2967 1223 3010 unum·

106 3030 284 3104 tator-,ind
304 3030 343 3092 de
356 3026 482 3102 hnimd,
497 3032 666 3090 comment.
679 3027 729 3097 36,
739 3027 814 3088 dicit
832 3044 904 3088 csse
993 3027 1225 3107 llelinquiture
1263 3029 1381 3094 osolus
1394 3033 1611 3116 modusquem
1620 3040 1743 3105 bristo·

107 3125 168 3188 ρει·
179 3107 578 3189 speciemintelligibilcm3
589 3104 904 3184 qunquldemhabet
955 3105 1033 3168 telos
1078 3107 1154 3198 Ιιιιι,
1170 3047 1267 3170 libs}
1284 3108 1323 3170 de
1337 3110 1464 3186 huimd,
1485 3117 1564 3176 text.
1584 3115 1624 3178 25
1639 3123 1671 3182 et
1688 3119 1740 3198 Sd,

107 3187 237 3267 duplex
251 3188 440 3268 subjectum,
458 3185 692 3248 unumscilieet
710 3185 904 3246 intellectum
955 3184 1040 3264 qudd
1077 3203 1105 3246 rc
1116 3185 1212 3247 horno
1223 3186 1381 3267 intelligit,
1392 3191 1469 3268 quia
1482 3195 1675 3275 principium
1689 3199 1743 3262 tn-

110 3267 315 3346 pessibilem,
334 3269 363 3328 et
380 3264 467 3326 aliud
488 3263 558 3342 ipsa
573 3263 809 3356 phantasmata,
832 3279 904 3340 quae
955 3263 1150 3357 tellectiyuro
1163 3267 1211 3358 est
1225 3265 1325 3328 torma
1343 3265 1456 3345 ipsius.
1469 3269 1607 3353 Sicergo
1619 3277 1680 3338 exi
1705 3271 1743 3342 sd
1771 3285 1777 3292 '

111 3349 194 3406 sunt
220 3345 254 3408 in
282 3343 411 3438 organis
439 3359 614 3421 corporeis.
638 3343 678 3402 Et
692 3359 737 3404 src
761 3357 817 3420 per
833 3357 905 3420 spe-
955 3347 1142 3419 operatione
1164 3341 1343 3405 intellectus
1363 3349 1595 3429 apparetqudd
1616 3295 1743 3417 intefic-

111 3421 906 3504 ciemintelligrbilcmcontinuaturintellectuspos·
956 3421 1074 3481 clivum
1089 3420 1282 3500 principium
1300 3423 1412 3486 unitur
1422 3430 1548 3506 corpori
1565 3435 1601 3492 ut
1614 3431 1727 3496 tonna.

111 3503 216 3564 sibilis
239 3502 365 3580 corpori
393 3500 488 3579 hujus
504 3499 555 3562 vel
577 3499 661 3561 illius
680 3499 827 3560 hominis.
845 3497 904 3560 Sed
995 3499 1101 3560 Potest
1119 3498 1215 3560 etiam
1236 3499 1319 3562 idem
1336 3501 1533 3568 manifestari
1554 3525 1595 3570 ex
1616 3511 1743 3576 rationo

111 3581 177 3643 ista
193 3579 392 3642 continuatio
410 3579 461 3640 vel
478 3577 556 3638 unio
577 3595 642 3638 non
659 3575 776 3638 sutticit
789 3576 828 3637 ad
844 3576 905 3638 hoe
956 3577 1072 3656 speciei
1097 3577 1255 3640 humana.
1289 3579 1410 3643 Natura
1427 3584 1511 3646 enim
1529 3587 1744 3652 uuiuscn'us-

136 3659 204 3721 ubd
225 3659 308 3720 actio
327 3655 504 3719 intellectus
526 3659 569 3718 sit
589 3657 673 3718 actio
693 3655 843 3718 Socratis.
866 3655 906 3714 lit
956 3672 1019 3734 que
1042 3654 1088 3717 rei
1107 3673 1149 3716 ex
1169 3657 1238 3736 ejus
1263 3661 1448 3736 operatione
1466 3663 1655 3729 ostenditur.
1666 3609 1744 3732 lero-

113 3677 182 3800 floc
208 3741 295 3816 patet
320 3755 377 3816 per
406 3735 642 3798 similitudinem
670 3734 703 3796 in
730 3750 840 3806 sensu,
864 3751 905 3794 cx
957 3735 1306 3872 priaautemuoperatio
1322 3738 1744 3822 hominis‚inquantumest

114 3833 185 3894 quo
207 3815 394 3877 Aristoteles
410 3813 551 3893 procedit
575 3814 615 3874 ad
640 3811 906 3874 considerandum
980 3830 1073 3884 outo,
1090 3817 1139 3874 est
1151 3815 1344 3894 iutelligere3
1361 3835 1418 3894 per
1435 3819 1517 3881 hanc
1533 3823 1617 3883 enim
1633 3827 1743 3889 omnia

116 3911 155 3958 ea
175 3911 248 3975 quae
261 3899 337 3956 sunt
358 3891 548 3954 intellectis.
566 3891 617 3953 Sic
630 3891 715 3952 enirn
736 3909 770 3952 se
788 3891 907 3952 habeut
957 3890 1021 3952 alia
1042 3891 1193 3953 animalia
1217 3894 1421 3956 transcendit.
1438 3898 1525 3960 Unde
1544 3901 1741 3978 aristoteles,

116 3975 344 4050 phantasmata
361 3971 400 4033 ad
417 3970 623 4043 intellectum,
646 3973 682 4030 ut
702 3969 817 4030 dicitur
837 3967 906 4029 iud
957 3969 992 4030 iu
1006 3969 1062 4031 lib.
1080 3971 1118 4030 te
1133 3969 1248 4044 Ethic.,
1267 3989 1337 4050 cap.
1351 3975 1382 4046 l,
1405 3973 1438 4034 in
1455 3975 1516 4038 hdo
1536 3983 1742 4055 operatione,

118 4053 158 4115 dc
179 4048 307 4122 Anima,
324 4054 401 4111 text.
426 4048 465 4111 18
491 4053 523 4109 et
544 4047 595 4120 30,
613 4048 695 4108 sicut
717 4047 840 4108 colores
867 4045 909 4107 ad
958 4047 1389 4140 sicutinpropridbominis,
1402 4052 1547 4116 ultimam
1562 4055 1744 4122 felicitatem

119 4133 237 4193 visum.
262 4129 349 4191 Sicut
372 4144 449 4208 ergo
472 4127 593 4205 species
610 4125 755 4186 colorum
774 4129 849 4186 sunt
873 4124 907 4185 iu
959 4125 1132 4188 constituet.
1159 4127 1291 4204 Oportet
1313 4145 1390 4209 ergo
1410 4130 1494 4207 qudd
1512 4133 1608 4196 homo
1622 4153 1745 4198 secun-

120 4213 205 4282 risu,
219 4208 263 4269 ita
275 4208 395 4286 species
408 4207 665 4284 phantasmatum
682 4203 800 4264 suntin
816 4203 908 4264 intel·
959 4202 1032 4264 dum
1057 4203 1135 4264 illud
1153 4206 1291 4282 speciem
1308 4207 1462 4269 sortiatur
1477 4211 1563 4286 quod
1583 4219 1631 4274 est
1649 4214 1744 4296 hujus

122 4289 207 4350 lectu
236 4286 392 4365 possibili.
418 4286 507 4378 Patet
534 4289 640 4375 autem
667 4280 753 4361 qudd
779 4299 825 4374 ⁰¹.
847 4282 909 4374 hoc
959 4281 1746 4380 operationisprincipium.Sortiturautemunum·

121 4367 481 4514 tthttttittbtt
493 4360 909 4530 aetheluthus:
959 4360 1747 4533 albiti'tittstebbehuthe

123 4527 174 4586 tur
198 4521 330 4602 parieti3
355 4538 419 4583 non
435 4520 519 4582 enim
533 4518 687 4589 dicimus,
727 4515 788 4578 udd
802 4533 908 4595 partes
960 4519 1002 4580 sit
1018 4520 1146 4596 propria
1161 4518 1300 4580 homines
1315 4519 1428 4584 torma.

122 4602 239 4674 odeat,
254 4600 308 4662 sed
320 4617 370 4660 ma
394 4599 420 4660 is
433 4597 683 4677 qudduideatnr.
698 4535 746 4656 Ex
761 4596 820 4656 hoc
832 4610 909 4674 ergo
999 4595 1059 4657 Sed
1073 4597 1338 4660 considerandum
1349 4605 1407 4674 est,
1419 4600 1502 4678 qudd
1514 4604 1746 4680 quantdtorma

121 4681 207 4760 qudd
219 4679 339 4773 species
349 4619 691 4756 ogantasmatumsunt
703 4673 735 4734 in
748 4675 910 4736 intellectu
961 4680 1009 4736 est
1022 4677 1171 4748 nobilior,
1187 4677 1275 4770 tantb
1290 4679 1391 4755 magis
1405 4679 1589 4741 dominatur
1606 4683 1746 4748 materie

123 4758 277 4838 possibili,
293 4772 359 4817 non
372 4755 518 4834 sequitur
531 4753 615 4832 qudd
629 4753 785 4826 Socrates,
801 4753 834 4812 in
844 4769 909 4830 quo
961 4755 1131 4832 corporali,
1148 4758 1179 4815 et
1192 4754 1297 4815 minus
1313 4756 1341 4816 ei
1364 4755 1573 4837 immergitur,
1592 4765 1622 4820 et
1644 4761 1746 4841 stragis

123 4844 199 4902 sunt
208 4837 443 4930 phantasmata,
461 4833 632 4912 intelligat;
656 4832 711 4893 sed
727 4829 811 4908 qudd
829 4832 909 4909 ipse,
961 4830 1020 4893 sud
1031 4834 1227 4911 operatione,
1239 4834 1289 4893 vel
1303 4833 1415 4895 virtute
1426 4838 1627 4898 excediteam
1640 4859 1648 4912 ;
1662 4841 1746 4901 uude

123 4919 173 4980 uel
190 4933 261 4998 equs
276 4915 501 4994 phantasmata
514 4911 745 4990 intelligantur.
963 4909 1103 4974 videmus
1129 4911 1214 4988 qudd
1243 4909 1345 4973 torma
1369 4913 1458 4975 mixti
1484 4918 1626 4994 corporis
1651 4917 1748 4979 habet

160 4995 299 5071 Quidam
313 4997 421 5056 autem
435 4990 540 5053 dicere
555 4991 742 5062 votuerunt,
755 4986 841 5065 qudd
854 4986 910 5047 in·
961 4989 1058 5052 aliam
1085 4989 1316 5068 operationem,
1342 5009 1414 5069 quas
1436 5011 1499 5054 non
1529 4999 1681 5058 causatur
1705 5015 1747 5058 ex

126 5075 270 5136 tellectus
285 5073 397 5134 unitur
411 5069 539 5150 corpori
557 5073 592 5130 ut
610 5071 730 5141 moter3
754 5069 786 5128 et
805 5067 850 5128 sio
868 5084 910 5127 ex
942 5067 1168 5150 ,qualitatibus
1184 5068 1441 5132 elementaribus.
1454 5073 1493 5132 Et
1506 5073 1627 5150 quantd
1644 5075 1746 5154 magis

125 5153 288 5216 intellectu
299 5155 331 5212 et
343 5166 476 5228 corpore
489 5147 524 5210 tlt
534 5165 636 5209 unum
646 5191 656 5220 ,
668 5148 705 5206 ut
718 5145 801 5208 actio
815 5143 911 5208 intel·
962 5147 1143 5226 proceditur
1156 5145 1188 5207 in
1203 5147 1366 5208 nobilitate
1379 5149 1564 5223 termarum,
1580 5152 1669 5213 tantd
1680 5169 1745 5215 ma·

124 5231 226 5293 lectius
241 5231 298 5294 toti
315 5227 446 5293 attribui
462 5225 573 5306 possit.
591 5223 650 5288 Sed
663 5224 726 5286 boe
742 5227 791 5286 est
804 5223 910 5284 multi·
962 5227 1010 5306 gis
1027 5223 1189 5286 invenitur
1199 5227 1300 5287 virtus
1313 5225 1420 5289 ior-mse
1430 5230 1595 5289 materiam
1609 5231 1747 5291 elemen-

125 5309 249 5389 pliciter
262 5326 392 5372 vanum.
962 5310 1063 5366 tarem
1076 5303 1239 5376 excedere,
1257 5305 1339 5366 sicut
1351 5306 1458 5368 anima
1472 5307 1658 5386 vegetabilis
1675 5308 1746 5386 plus

165 5387 272 5450 Primd
286 5386 414 5468 quidem
433 5385 510 5464 qnia
525 5383 704 5446 intellectus
724 5398 790 5442 nou
804 5383 911 5442 movet
962 5379 1060 5462 qudrn
1073 5381 1174 5444 torma
1189 5383 1403 5457 elementaris,
1420 5388 1451 5445 et
1467 5385 1575 5447 anima
1587 5387 1747 5449 sensibilis

127 5485 244 5546 corpus
260 5467 321 5529 nisi
334 5483 391 5545 per
403 5464 589 5544 appetitum,
605 5461 696 5540 cujus
713 5464 818 5520 motus
832 5476 911 5538 prae·
964 5462 1034 5599 plus
1056 5458 1275 5554 quamanimae
1291 5462 1490 5554 vegetabilis.
1511 5463 1625 5526 Anima
1641 5469 1748 5526 autem

128 5546 281 5625 supponit
294 5544 511 5624 operationem
532 5537 723 5602 intellectus.
745 5539 814 5599 Nou
835 5555 911 5618 ergo
986 5556 1104 5601 amana
1127 5544 1175 5601 est
1188 5542 1301 5602 ultima
1323 5559 1356 5600 ιιι
1379 5541 1543 5604 nobilitate
1560 5541 1744 5605 termarum.

129 5625 206 5704 quia
220 5631 367 5687 moretur
378 5622 523 5684 Socrates
540 5622 581 5682 ab
594 5618 767 5690 intellectu,
781 5617 851 5679 ided
864 5619 912 5678 in·
942 5697 946 5702 Ι
962 5618 1050 5680 Unde
1064 5617 1231 5679 intantum
1244 5617 1303 5680 sud
1316 5620 1432 5680 virtute
1447 5621 1569 5682 excedit
1583 5622 1748 5684 materiam

129 5704 325 5786 telligit3sod
362 5696 910 5776 otidsdoourerso,quiaiutelligit,
964 5697 1267 5790 corporalem,qudd
1278 5697 1519 5776 habetaliquam
1530 5701 1748 5780 operationem

131 5781 198 5846 ided
211 5783 254 5846 ab
267 5783 299 5843 in
357 5789 429 5843 ectu
442 5783 589 5844 movetur
602 5777 756 5841 Socrates.
964 5781 995 5839 et
1017 5775 1165 5842 uirtutem
1188 5793 1221 5837 ιιι
1244 5775 1310 5854 qud
1324 5777 1414 5838 nullo
1425 5778 1519 5840 modo
1535 5781 1749 5847 communicat

265 5881 436 5959 Sesami.
959 5977 962 5984 Ι
1309 5878 1601 5963 (Τεεηιε-ριιαινε.)
