4002 6346
29 330 30 339 ¹
654 327 792 402 QliAES'l.
812 325 881 386 xlv.
902 325 947 386 os
965 325 1120 386 sunnila
1133 326 1199 388 nai.
1721 339 1775 397 ast

108 445 618 548 gnoscunturteiiebrie31lnde
641 444 716 510 dicit
734 445 928 588 Diongsius,
984 443 1283 522 altioremmodnm,
1291 451 1328 510 nt
1339 467 1380 512 ex
1388 449 1480 548 dictis
1488 455 1586 532 patet,
1595 459 1771 533 quescit.

107 524 929 691 aaacavasanaearsissans
983 523 1773 684 caesaraeamficulneas:

106 689 245 770 occipit
264 690 521 756 viridarianioii
533 685 578 748 aa·
646 683 778 747 scideris
789 681 929 746 lambras
982 682 1069 824 guod
1095 684 1181 749 Deus
1212 687 1391 767 singularia
1422 697 1606 784 cognoscat.
1637 695 1716 758 llam
1742 701 1775 760 et

107 767 211 849 piidm
230 769 257 830 d
278 769 408 832 lamiae.
1007 763 1195 856 liilosophus
1221 784 1281 846 pro
1304 767 1543 833 inconvenienti
1571 772 1668 836 habet
1686 775 1774 854 quod

148 847 204 910 Ad
222 849 380 930 primum
398 863 475 927 ergo
494 843 663 910 dicendum
687 842 772 924 qndd
794 843 929 908 verbum
983 843 1105 923 ahquid
1120 851 1334 925 cognoscatur
1354 845 1372 910 d
1399 849 1491 910 nobis
1520 852 1606 930 quod
1624 871 1689 916 non
1712 871 1774 918 co-

107 927 325 1009 Philosophi
340 932 389 992 est
405 927 452 989 sic
463 923 705 1006 intelligendum
716 967 724 996 ,
734 922 820 1002 quod
831 921 930 984 intel-
982 926 1159 1003 gnoscatur
1173 921 1193 987 d
1208 925 1293 1000 Deo;
1316 926 1402 990 uude
1415 934 1527 992 contra
1548 931 1606 991 Em
1649 933 1773 996 doclem

107 1008 223 1070 lectus
242 1008 311 1088 qui
326 1025 393 1070 non
403 1005 496 1068 estin
511 1001 670 1084 potenaa,
687 1019 752 1097 non
765 1001 930 1096 cognoscit
982 1003 1091 1083 arguit
1101 1004 1134 1064 in
1147 1003 1530 1082 idelnimd,text.80,ct
1541 1009 1573 1072 in
1585 949 1770 1106 Sidetaph„

106 1086 354 1166 privationem
363 1105 424 1166 per
435 1083 649 1164 privationem
660 1083 775 1161 inipso
787 1085 929 1144 existen·
981 1084 1060 1144 text.
1079 1080 1134 1156 ld,
1147 1081 1233 1161 qnod
1244 1084 1402 1148 accideret
1409 1088 1511 1150 Denm
1524 1106 1594 1152 esse
1609 1089 1770 1170 insipieu-

107 1171 176 1228 tem
196 1186 206 1226 ε
236 1171 278 1230 et
301 1167 366 1229 lioc
393 1163 543 1244 congruit
567 1180 640 1226 cum
669 1179 709 1224 oo
727 1159 814 1254 qnod
829 1176 929 1240 snpra
982 1161 1162 1234 tissimum,
1182 1163 1209 1224 si
1224 1163 1414 1229 discordiam
1427 1166 1601 1250 ignoraret.
1618 1169 1677 1230 Sed
1691 1189 1774 1250 per-

108 1245 277 1320 dixerat,
293 1243 382 1326 qudd
403 1251 558 1324 punctum
580 1245 611 1304 et
623 1259 718 1304 omne
735 1239 930 1302 indivisibile
982 1238 1134 1302 lectiones
1172 1259 1222 1304 uae
1236 1241 1268 1302 iii
1285 1243 1491 1308 inferioribus
1514 1247 1710 1324 dividuntur,
1737 1250 1772 1312 iu

107 1317 930 1478 siai**dtl‘sl'it‘dlislaaliialii
980 1320 1048 1463 lt?
1066 1259 1260 1478 illailla*
1274 1323 1773 1472 sarcinatricem

109 1419 928 1552 indivisii'iilesnonsniitnctuinintellectunostro,
981 1479 1118 1544 versalia
1135 1483 1165 1540 et
1178 1420 1418 1558 immgterialia,
1435 1490 1466 1546 et
1477 1424 1536 1564 pger
1549 1487 1646 1548 aliam
1662 1489 1774 1568 singa-

109 1564 229 1626 sedin
244 1557 635 1644 potentidtantdm;nam
649 1559 793 1620 siesseut
806 1561 880 1620 actn
895 1557 929 1618 in
980 1557 1063 1620 laria
1088 1563 1118 1620 ei
1139 1562 1336 1636 materialia;
1359 1564 1443 1626 Dens
1465 1569 1573 1626 tamen
1595 1585 1654 1646 per
1675 1585 1772 1629 sunm

112 1644 301 1706 intellectu
318 1646 447 1716 nostro,
471 1657 536 1703 noii
558 1657 617 1718 per
634 1638 847 1718 privationem
868 1654 930 1700 eo-
982 1637 1159 1716 simplicem
1174 1639 1372 1704 intellectum
1385 1647 1524 1724 utraque
1534 1647 1710 1726 cognoscit.

157 1727 387 1795 oscerentun
403 1725 434 1783 et
452 1721 498 1782 sic
512 1737 550 1780 co
573 1724 752 1780 noscuntur
770 1715 930 1794 simplicia
1021 1717 1079 1778 Sed
1100 1718 1239 1797 qualiter
1256 1720 1317 1782 hoc
1333 1739 1404 1785 esse
1426 1725 1529 1800 possit
1548 1725 1679 1820 quidam
1700 1743 1773 1788 ma-

83 1829 89 1856 :
146 1803 358 1866 substantiis
374 1799 541 1879 separatis.
588 1817 644 1860 eus
667 1797 765 1876 igitur
786 1813 930 1858 nonco-
982 1796 1133 1860 niicstarc
1156 1799 1310 1872 volentes,
1331 1801 1484 1862 dixerunt
1510 1805 1772 1882 quodltensco-

114 1875 928 1962 gnoscitmalumpcrpriiationemiiiseexisteu-
1002 1877 1107 1938 noscit
1129 1878 1307 1957 singularia
1331 1897 1388 1958 per
1415 1897 1530 1946 causas
1557 1884 1770 1947 universales.

112 1965 202 2036 tem,
219 1962 284 2023 sed
302 1962 492 2041 perbonam
508 1975 527 2020 o
551 1956 703 2036 positum.
759 2033 766 2048 ὑ
981 1893 1061 2017 §lam
1076 1957 1156 2018 niliil
1166 1963 1213 2018 est
1223 1959 1255 2020 in
1266 1958 1377 2037 aliquo
1387 1959 1601 2052 singularium
1631 1961 1772 2024 uodnon

156 2040 211 2102 Ad
228 2039 417 2105 secuudum
430 1976 599 2100 dioenXum
621 2033 707 2115 qudd
722 2032 856 2128 scientia
870 2033 928 2097 Dei
981 2052 1023 2095 ex
1035 2034 1145 2114 aliqud
1157 2035 1255 2130 causti
1267 2037 1391 2100 oriatur
1400 2041 1586 2102 universali.
1600 1980 1639 2102 gt
1649 2047 1774 2122 ponunt

116 2135 186 2181 non
200 2123 259 2184 est
277 2136 380 2182 causa
391 2117 486 2191 mali,
504 2115 560 2178 sed
576 2118 626 2178 est
639 2131 739 2178 caiisa
755 2115 848 2188 boni,
871 2132 930 2192 per
982 2117 1182 2194 exemplum:
1193 2120 1276 2179 sicut
1288 2117 1315 2178 si
1329 2118 1447 2211 aliquis
1458 2120 1640 2200 astrologus
1653 2138 1773 2202 cogno-

117 2197 212 2278 quod
227 2198 443 2279 cognoscitur
456 2196 588 2260 malum.
981 2199 1085 2256 sceret
1099 2211 1211 2257 omnes
1222 2200 1327 2257 motus
1342 2199 1544 2261 universales
1561 2201 1647 2272 ciali,
1664 2203 1774 2279 posset

158 2278 212 2340 Ad
237 2279 376 2341 tertium
404 2274 572 2339 dicendum
599 2273 686 2354 qudd
712 2271 788 2336 licet
808 2272 930 2336 malum
982 2275 1198 2353 praenuntiare
1208 2292 1319 2342 omncs
1331 2275 1464 2355 eclipses
1474 2277 1678 2340 luturas.Sed
1689 2278 1773 2342 istud

117 2373 189 2418 nou
205 2361 404 2438 opponatur
415 2353 697 2427 esseniiaedivinae,
713 2371 785 2432 que
800 2371 866 2414 non
881 2355 930 2414 est
982 2369 1047 2414 noa
1063 2353 1196 2428 sufficit,
1212 2356 1289 2432 quia
1312 2355 1490 2437 singularia
1509 2375 1550 2420 ex
1565 2359 1671 2422 causis
1691 2359 1774 2420 uni-

121 2436 353 2516 corruptiliilis
378 2452 435 2514 per
461 2435 594 2510 malum,
621 2432 797 2513 opponitur
821 2435 929 2494 tamen
983 2433 1162 2494 versalibns
1192 2435 1372 2498 sortiuntur
1402 2435 1558 2514 quasdam
1587 2438 1705 2500 iormas
1741 2443 1774 2502 ct

121 2513 301 2580 effectibus
313 2515 393 2588 Dei,
408 2531 491 2592 qnos
506 2532 565 2593 per
578 2511 754 2576 essentiam
764 2529 857 2574 suam
872 2527 931 2572 co-
982 2512 1135 2586 virtutes,
1156 2529 1249 2590 qua,
1271 2509 1570 2596 quantilmcnmqne
1583 2517 1624 2580 ad
1636 2518 1773 2581 invicem

123 2597 283 2690 gnoscitq
308 2599 341 2656 et
365 2611 421 2658 cos
450 2609 660 2674 cognoscens,
677 2593 763 2656 mala
781 2590 929 2670 opposita
983 2591 1630 2690 conjungantur,nonindividuanturnisi
1644 2613 1774 2677 perma-

124 2677 401 2816 cogAliloscilitartum
431 2715 599 2816 dicendum
622 2749 708 2829 quod
736 2767 774 2812 co
797 2768 930 2813 nossem
983 2670 1476 2844 georgpgiiegdizqaflgiceiaifibigngiset
1495 2679 1774 2828 {illincffnvoesloess

127 2832 234 2911 aliqui
269 2850 330 2912 per
346 2830 436 2894 aliud
450 2827 589 2903 tantiam,
603 2835 655 2924 est
666 2769 859 2924 imperfectae
869 2846 931 2892 co-
982 2830 1147 2908 plironisci
1162 2769 1265 2904 Kline,
1280 2831 1330 2892 vel
1345 2831 1501 2925 quidquid
1517 2835 1605 2896 alind
1620 2835 1666 2898 sic
1680 2835 1775 2900 dica·-

127 2913 309 2990 gnitionis,
328 2910 722 2990 siilludsitcognoscibile
756 2926 857 2981 erse;
876 2908 931 2972 sed
983 2913 1128 2983 tnr,non
1144 2915 1351 2990 cognosceret
1373 2929 1479 3008 ipsum
1499 2913 1532 2974 iii
1554 2917 1775 2993 quantumest
1824 2933 1828 2939 ’

129 2993 257 3055 malum
274 3009 343 3056 non
365 2992 413 3051 est
428 3009 487 3068 per
501 3008 535 3052 se
549 2927 784 3069 cognoscibife,
800 2987 878 3065 quia
893 2987 931 3050 de
982 2986 1150 3050 hiohomo.
1162 2988 1250 3051 Unde
1263 2990 1440 3052 secundnm
1450 2992 1774 3073 modumprasdictum

128 3071 261 3134 ratione
274 3070 355 3132 mali
369 3067 514 3148 estquod
524 3069 566 3130 sit
579 3067 718 3148 privatio
734 3067 828 3141 boni;
843 3071 875 3130 et
885 3067 932 3129 sic
981 3066 1067 3130 lleiis
1082 3085 1147 3129 non
1161 3074 1369 3149 cognosceret
1382 3071 1561 3150 singularia
1576 3072 1609 3133 in
1624 3071 1685 3134 sua
1699 3071 1775 3136 sin-

130 3165 240 3228 neque
250 3147 380 3213 deliniri
398 3166 504 3228 neque
522 3146 672 3228 cognosci
685 3149 791 3225 potest
800 3145 863 3208 nisi
874 3163 932 3224 per
983 3145 1165 3226 gularitate.

130 3229 267 3292 bouum.
1022 3225 1085 3288 Alii
1109 3225 1186 3288 verd
1209 3225 1362 3288 dixerunt
1389 3229 1474 3308 qnod
1497 3230 1583 3292 Deus
1610 3229 1776 3312 cognoscit

132 3307 321 3372 laricanus
336 3325 383 3369 xi.
398 3342 436 3352 —
451 3305 565 3398 iliram
576 3307 660 3368 Deos
681 3311 848 3444 cognoscat
860 3304 933 3366 sia-
983 3303 1173 3398 singularia,
1188 3305 1379 3445 apfflicaudo
1394 3325 1508 3372 causas
1519 3310 1720 3372 universales
1732 3309 1774 3374 ad

170 3387 314 3468 palaris.
331 3422 370 3432 —
386 3385 442 3466 (i,
466 3385 541 3447 dist.
560 3383 598 3459 3,
620 3391 682 3445 art.
743 3427 752 3456 ,
775 3382 850 3445 diat.
868 3382 929 3457 36,
982 3384 1223 3462 particularese
1248 3391 1349 3478 ectus.
1367 3387 1427 3448 Sed
1441 3389 1597 3482 l'iocnihil
1609 3394 1674 3464 est,
1694 3389 1774 3468 qnia

170 3473 285 3608 last
299 3461 931 3626 ⁷²2⁹,“i‘·3‚⁸ti,'..¹ii⁰.i²÷s⁶‚‘⁸l·iiiiii
982 3462 1775 3642 {alianastasisaltisaltis:

170 3565 718 3767 {sillaimattalaia·
734 3618 931 3762 iiiiii
983 3625 1109 3764 talla
1123 3624 1652 3768 liii⁸¹0i⁸⁵ilii³im⁰i⁸⁰⁰⁸⁰⁰ld¹
1666 3627 1775 3707 ‘'³¹¹⁵''

137 3783 221 3860 quod
237 3784 327 3846 Dens
341 3800 408 3844 non
423 3721 596 3862 cognogcat
619 3745 809 3860 singularia.
825 3779 932 3842 lntel-
983 3746 1146 3920 suEpouit.
1265 3721 1306 3782 gn
1484 3707 1668 3786 umanum
1685 3723 1775 3786 pm-

136 3859 236 3925 lectus
257 3863 346 3925 enim
367 3861 494 3924 divinus
507 3860 749 3922 immaterialior
763 3863 811 3922 est
832 3857 931 3937 quam
1048 3864 1061 3921 t
1075 3859 1144 3922 ided
1157 3860 1252 3923 aliter
1264 3861 1490 3928 dicendumest
1502 3865 1587 3944 qudd
1601 3863 1674 3928 cdni
1688 3864 1774 3928 Deus

139 3939 321 4005 intellectus
337 3941 511 4004 humanus.
535 3939 595 4002 Sed
612 3939 793 4002 intellectus
808 3937 932 4002 huma·
983 3939 1024 4001 sit
1037 3955 1136 4002 cansa
1151 3957 1260 4002 rerum
1280 3960 1340 4020 per
1353 3960 1446 4006 snam
1462 3944 1641 4019 scientiam,
1663 3950 1699 4007 nt
1719 3945 1776 4008 di-

140 4036 197 4083 nus
210 4026 347 4100 propter
357 4037 449 4082 suam
465 4017 766 4083 immaterialitatem
788 4035 854 4079 nou
869 4033 931 4079 co-
983 4024 1069 4080 ctum
1082 4019 1230 4080 estart.8
1243 4020 1340 4100 liujus
1353 4026 1480 4100 quaest,
1489 4024 1522 4084 in
1535 4027 1661 4086 tantum
1674 4041 1709 4087 se
1718 4041 1775 4085 ex-

139 4102 264 4178 gnoscit
283 4099 463 4180 singularia
477 4121 485 4174 ;
504 4098 570 4173 sed,
586 4098 670 4160 sicut
683 4097 799 4158 dicitur
812 4097 843 4157 iii
859 4095 931 4158 ide
983 4095 1083 4158 tendit
1106 4097 1239 4161 scientia
1259 4099 1335 4173 Dei,
1356 4100 1389 4162 iii
1412 4107 1570 4178 qnantum
1586 4121 1620 4164 se
1633 4101 1776 4164 extendit

140 4179 277 4254 Anima,
300 4182 379 4241 text.
395 4179 453 4252 60,
484 4179 567 4241 ratio
596 4181 644 4239 est
683 4175 929 4250 universalium,
983 4175 1053 4256 ejus
1075 4177 1260 4238 causalitas.
1283 4177 1373 4239 Unde
1391 4177 1579 4243 ciimvirtus
1593 4182 1697 4245 activa
1715 4181 1775 4242 liei

140 4273 254 4322 sensus
280 4257 359 4320 verd
382 4256 639 4336 particularium.
655 4255 741 4334 Ergo
760 4255 846 4318 Dens
865 4269 930 4315 non
983 4273 1019 4316 sc
1033 4253 1185 4318 extendat
1208 4273 1274 4318 non
1294 4253 1399 4318 soliim
1415 4258 1455 4320 ad
1469 4259 1588 4322 formas
1600 4305 1608 4332 ,
1622 4258 1642 4324 d
1654 4261 1773 4340 quilius

141 4353 175 4398 co
221 4339 305 4400 oscit
321 4337 511 4417 singularia.
983 4333 1141 4412 accipitur
1155 4334 1238 4396 ratio
1257 4335 1468 4412 universalis,
1492 4339 1655 4402 sedetiam
1669 4357 1775 4480 nsiffio

199 4419 411 4490 ,Praeterea,
438 4415 501 4478 illae
524 4413 601 4477 solie
620 4415 755 4477 virtutes
778 4413 810 4474 iii
836 4412 929 4476 nobis
982 4412 1023 4476 ad
1038 4413 1218 4488 materiam,
1233 4418 1270 4475 ut
1285 4414 1369 4480 inira
1382 4418 1578 4493 ostendetur,
1613 4424 1704 4482 mest.
1763 4463 1772 4494 ,

141 4503 214 4558 sunt
230 4494 447 4576 singularium
476 4494 721 4574 cognoscitivie,
750 4511 822 4571 quie
843 4491 932 4554 reci·
983 4497 1045 4555 art.
1060 4491 1098 4565 2,
1118 4509 1251 4556 necesso
1272 4497 1320 4556 est
1339 4495 1426 4574 qudd
1447 4498 1582 4562 scientia
1624 4499 1654 4560 ei
1668 4515 1774 4576 usqne

142 4575 233 4652 piunt
256 4576 379 4654 species
396 4591 461 4634 non
480 4575 661 4637 abstractas
677 4569 930 4635 dmaterialibus
983 4571 1023 4634 ad
1038 4572 1088 4634 sin
1135 4572 1260 4636 lariase
1272 4575 1440 4649 extendat,
1454 4593 1526 4655 quie
1538 4596 1597 4657 per
1607 4577 1777 4641 materiam

142 4655 390 4718 conditionibus.
409 4654 469 4716 Sed
492 4671 543 4714 res
565 4651 599 4713 iii
620 4653 688 4714 Deo
702 4653 779 4714 sunt
792 4649 931 4714 maximil
983 4652 1082 4714 indivi
1105 4657 1237 4715 uantur.
1252 4650 1332 4715 Ciim
1345 4654 1431 4716 enim
1453 4658 1533 4718 sciat
1553 4657 1617 4720 alia
1632 4655 1652 4722 d
1667 4675 1701 4718 se
1716 4675 1775 4734 par

142 4736 312 4798 abstracte
327 4736 367 4796 ab
382 4732 469 4793 omui
488 4731 726 4794 materialitate.
745 4730 831 4810 Ergo
844 4731 930 4792 Deus
983 4731 1157 4794 essentiam
1179 4749 1290 4806 suam,
1308 4734 1341 4794 in
1361 4739 1519 4812 quantum
1535 4739 1583 4797 est
1598 4734 1775 4798 similitudo

142 4831 204 4875 iion
218 4813 386 4892 cognoscit
397 4811 586 4891 singularia.
984 4827 1112 4884 rernm,
1134 4811 1222 4873 velut
1252 4812 1446 4891 principium
1474 4816 1615 4878 activum
1641 4831 1774 4889 earum,

178 4893 209 4954 3.
234 4895 410 4962 Praelerea,
433 4890 538 4952 omnis
565 4889 705 4982 cognitio
722 4894 771 4950 est
790 4907 848 4966 per
864 4889 947 4950 ali-·
984 4907 1116 4952 necesse
1128 4893 1176 4950 est
1188 4889 1275 4968 qudd
1287 4893 1429 4955 essentia
1437 4892 1508 4973 ejus
1521 4895 1563 4956 sit
1578 4893 1775 4974 principium

142 4989 239 5066 quani
252 4971 504 5066 similitudinem.
521 4969 580 5030 Sed
594 4966 767 5062 similitudo
781 4966 932 5060 singula·
984 4967 1146 5030 sufficiens
1161 4969 1373 5066 cognoscendi
1388 4971 1497 5062 omnia
1510 4989 1583 5065 quae
1596 4990 1654 5110 ger
1664 4972 1774 5066 'ipsura

143 5049 933 5206 castalida?tll²al.⁸.lliil.lll.l¹:
984 5045 1615 5205 ilaililltllallllltaitit.
1628 5055 1774 5204 {isal

142 5212 246 5274 iitatis
276 5213 327 5272 est
351 5207 504 5281 materia3
525 5223 618 5300 quae,
648 5202 720 5268 cdiii
746 5205 788 5267 sit
816 5223 873 5266 siis
898 5205 931 5268 iii
984 5206 1011 5268 si
1027 5208 1112 5268 esset
1130 5207 1320 5284 productiva
1333 5207 1432 5269 totius
1447 5209 1512 5282 rei,
1537 5214 1569 5272 et
1584 5208 1776 5272 uouiormae

143 5289 287 5368 potentii
300 5283 444 5362 tantuin,
462 5284 594 5349 omnind
609 5287 658 5347 est
674 5283 836 5346 dissimilis
851 5285 930 5360 Deo,
983 5283 1120 5348 tantiam.

143 5371 259 5448 quiesi
274 5364 932 5445 actuspurns.lionorgoDeuspotestco·
1024 5363 1072 5426 Ad
1095 5363 1236 5444 primuni
1259 5383 1335 5446 ergo
1356 5366 1526 5428 dicendum
1543 5366 1629 5446 quod
1647 5367 1777 5429 intelle-

144 5465 300 5528 gnoscere
313 5446 501 5526 singularia.
985 5447 1054 5506 ctus
1067 5447 1178 5506 noster
1191 5445 1329 5524 speciem
1339 5445 1572 5526 intelligibilem
1583 5447 1741 5509 abstrahit
1753 5443 1775 5513 d

182 5527 242 5590 Sed
266 5530 380 5590 contra
399 5524 545 5603 estquod
570 5524 686 5586 dicitur
705 5525 799 5586 Prov.
818 5521 873 5596 16,
888 5521 928 5585 22
984 5522 1150 5604 principiis
1174 5523 1461 5588 individuantilius.
1482 5523 1571 5586 Unde
1591 5525 1712 5605 species
1727 5527 1776 5588 iu·

145 5607 255 5669 Omnes
270 5602 728 5683 malaminampnteiitocalis
745 5603 821 5682 ejas.
876 5655 878 5660 ,
984 5603 1159 5742 ίεΙΙίῗίὴίΙὶε
1182 5604 1283 5666 nostri
1307 5603 1487 5666 intellectas
1506 5622 1570 5666 uon
1584 5610 1776 5684 potestesse

183 5684 373 5764 Respondes
387 5683 555 5746 dicendum
572 5681 658 5761 qudd
671 5684 757 5745 Deus
768 5682 932 5760 cognoscit
985 5683 1059 5746 simi
1073 5682 1161 5746 itudo
1191 5682 1424 5762 principiorum
1455 5684 1717 5760 individualiuiii3
1743 5688 1777 5748 et
1796 5737 1801 5742 .

146 5761 932 5922 talliatilaaaalsittsitiat:
985 5761 1776 5926 {stillaticiacattianillam!
