4008 6346
64 232 151 300 irst'
518 249 654 322 QUAEST.
673 247 787 308 txtltt.
808 247 852 306 DE
870 247 982 308 OPERE
1000 247 1169 308 SECUNDAE
1187 249 1264 310 bist.
1670 258 1737 316 liffl

65 357 85 418 3
102 359 143 450 in
170 357 365 440 flexam„
380 361 615 444 aliquantulum
640 364 714 424 ante
738 359 834 433 med,
845 361 902 424 du·
955 364 1003 424 est
1017 361 1174 424 infinitum
1193 379 1350 442 aquarum
1367 381 1483 443 eorpus
1497 381 1596 444 supra
1609 367 1735 438 colam.

65 431 222 513 pliciter.
242 439 341 504 Uno
349 443 452 514 modo,
466 441 541 520 quia
552 457 618 503 non
631 443 679 500 est
687 441 902 502 necessarium
954 440 993 500 Et
1006 441 1047 501 ita
1062 445 1169 518 posset
1185 441 1301 518 aliquis
1325 440 1428 504 dicere
1445 441 1531 522 qudd
1549 441 1738 508 firmamen-

65 523 101 574 ut
111 532 230 580 omne
243 522 354 596 quod
369 521 402 582 in
414 536 555 582 concavo
569 524 701 597 apparet
715 517 899 592 rotundum,
953 522 1021 578 tum
1045 519 1114 580 coeli
1135 518 1244 581 dividit
1263 535 1363 598 aquas
1385 523 1560 584 exteriores
1582 524 1622 583 ab
1643 525 1736 601 aquis

66 595 109 652 sit
135 595 261 656 etiam
291 616 400 678 supra
420 597 609 668 rotundum,
631 613 689 656 seu
708 613 899 677 convexum.
954 595 1171 670 interioribus,
1188 597 1291 670 idest,
1320 600 1361 660 ab
1379 600 1527 662 omnibus
1549 603 1736 678 corporibus

64 670 252 744 secundo,
307 678 365 738 uia
385 693 477 754 aquae
499 679 662 753 quaesunt
681 691 777 766 supra
793 675 899 744 culos,
954 691 1025 750 quau
1043 674 1123 736 inira
1138 676 1250 736 coelurn
1263 678 1475 750 eontinentur,
1489 694 1626 757 quorum
1641 680 1738 757 prin·-

64 766 134 808 non
161 757 261 812 sunt
319 755 410 824 uidae,
426 754 480 816 sed
497 753 590 830 quasi
604 752 729 832 glaciali
743 753 900 813 sotietate
954 753 1071 828 alpium
1089 770 1205 829 aquam
1216 755 1387 831 ponebant.

65 833 169 889 extra
195 832 344 894 coelum
363 833 506 894 firmatae.
525 831 611 892 Unde
631 827 693 894 eid
709 829 901 908 quibusdam
993 831 1051 890 Sed
1062 829 1139 908 quia
1150 832 1209 892 ista
1223 833 1338 908 positio
1351 849 1408 910 per
1421 849 1513 894 veras
1524 834 1664 896 rationes
1674 833 1738 897 ial-

64 905 246 969 dicuntur
267 912 394 972 coelum
409 909 639 988 crystallinum.
953 923 989 969 sa
1010 909 1271 986 deprehenditur,
1292 927 1355 970 non
1388 915 1436 974 est
1456 911 1623 972 dicendum
1649 912 1737 975 huno

106 985 162 1044 Ad
180 989 347 1050 tertium
365 987 531 1050 dicendum
547 985 632 1064 qudd
647 982 820 1048 secundum
833 989 902 1046 ter·
953 1003 1022 1046 esse
1042 986 1234 1048 intellectum
1256 987 1436 1066 Scriptura.
1458 989 1516 1050 Sed
1534 990 1737 1052 consideran·

65 1063 151 1124 tiam
169 1067 392 1142 opinionem
405 1067 583 1145 aquaesunt
599 1080 698 1142 supra
712 1063 901 1125 lirrnameu-
953 1063 1027 1123 dum
1040 1071 1090 1126 est
1113 1065 1196 1141 qudd
1212 1067 1336 1144 Moyses
1351 1067 1421 1126 rudi
1436 1067 1556 1145 populo
1575 1068 1737 1145 loqueba-

64 1147 140 1200 tum
157 1145 426 1222 vaporabiliter
445 1145 575 1204 elevatae
611 1147 719 1221 ropter
729 1143 900 1202 utilitatem
952 1145 1016 1212 tur,
1030 1158 1167 1219 quornm
1182 1144 1387 1206 imbecillitati
1400 1145 1665 1217 condescendens,
1679 1146 1734 1208 illa

65 1219 310 1310 pluviarum.
336 1217 514 1285 Secunddm
536 1161 611 1283 serg
635 1219 806 1284 secundam
824 1220 902 1297 opi·
952 1215 1056 1280 solum
1082 1222 1127 1280 eis
1144 1222 1316 1358 groposuit
1344 1239 1415 1300 quae
1437 1221 1603 1284 manitestd
1625 1224 1734 1286 sensui

64 1315 222 1360 monem
246 1319 357 1380 aque
377 1309 452 1361 sunt
476 1316 573 1376 supra
596 1297 849 1368 firmamentum,
870 1295 900 1357 id
952 1304 1117 1375 apparent.
1172 1317 1261 1360 mnes
1288 1305 1413 1372 aulem,
1441 1299 1735 1380 quantumcumque

65 1381 131 1446 est,
147 1379 303 1440 eoelum
315 1383 417 1440 totum
436 1377 631 1455 diaphanum
645 1377 766 1452 absque
782 1374 899 1444 stellis3
952 1376 1058 1447 rudes,
1074 1380 1192 1438 terram
1206 1381 1239 1440 et
1257 1394 1375 1457 aquam
1394 1395 1464 1440 esse
1482 1395 1617 1456 corpora
1636 1397 1735 1440 sensu

66 1455 345 1548 quodquidam
368 1461 492 1535 ponunt
511 1456 650 1532 primurn
673 1453 800 1524 mobile,
815 1451 901 1530 quod
951 1451 1201 1530 deprehendunt.
1225 1458 1288 1517 ller
1306 1461 1490 1518 autemnon
1509 1458 1735 1534 percipiturab

67 1534 236 1596 revolvit
267 1535 508 1597 totumcoelum
528 1536 616 1592 motu
631 1530 757 1602 diurno,
778 1535 812 1592 ut
825 1547 900 1608 ope·
951 1532 1324 1610 omnibusessecorpus,
1344 1536 1376 1594 in
1395 1537 1518 1594 tantum
1540 1533 1735 1612 quodetiam

67 1615 172 1672 retur
189 1629 270 1688 per
288 1618 410 1674 motum
422 1613 573 1673 diurnum
590 1609 831 1671 continuitatem
842 1627 901 1687 ge·
951 1608 1080 1686 quidam
1090 1609 1271 1688 philosophi
1283 1613 1388 1672 a'erem
1400 1613 1552 1674 dixerunt
1560 1611 1639 1677 nihil
1650 1629 1733 1686 esse,

70 1688 311 1764 notationis3
330 1689 412 1751 sieut
434 1689 547 1750 eretum
564 1689 598 1749 in
615 1704 680 1765 quo
694 1690 768 1749 sunt
781 1686 897 1759 sidera,
951 1719 952 1722 π
974 1688 1080 1748 lenum
1101 1705 1174 1749 aero
1198 1705 1336 1751 vacuam
1362 1691 1576 1750 nominantes.
1598 1691 1638 1752 Et
1662 1689 1733 1750 ided

70 1783 134 1842 per
145 1771 304 1830 motum
317 1769 373 1847 qui
386 1770 434 1828 est
445 1761 620 1828 secundum
631 1765 812 1838 Zodiacum,
824 1781 900 1841 ope·
984 1781 1075 1843 oyses
1099 1765 1136 1826 de
1162 1765 1248 1844 aqud
1272 1770 1304 1826 et
1330 1765 1414 1829 terrd
1442 1769 1644 1838 mentionem,
1660 1767 1736 1829 iacit

72 1847 178 1906 ratur
195 1846 437 1908 diversitatem
450 1844 664 1925 generationis
678 1846 709 1902 et
722 1844 899 1919 corruptio·
951 1859 1146 1920 expressam3
1158 1861 1263 1908 aerem
1274 1848 1380 1906 autom
1391 1843 1614 1922 nonexpresse
1624 1845 1730 1906 nomi-

73 1923 129 1983 nis
144 1941 219 2000 per·
234 1941 411 1986 accessum
424 1927 455 1984 et
468 1925 678 1993 recessum,et
690 1938 747 1999 per
757 1920 899 1982 diversas
951 1926 1017 1994 nat,
1032 1939 1072 1981 ne
1090 1921 1222 1983 rudibus
1237 1921 1396 1999 quoddam
1410 1923 1553 2002 ignotum
1568 1939 1735 2000 propone-

74 1999 237 2064 rirtutes
266 2003 446 2065 stellarum.
469 1994 648 2062 Secundum
670 1999 745 2060 vcrd
765 1999 899 2075 primam
950 2002 1009 2060 ret.
1029 1999 1068 2060 Ut
1083 2003 1188 2062 tamen
1202 2001 1371 2078 capacibus
1390 2001 1552 2062 veritatem
1573 2001 1735 2078 exprime-

76 2080 299 2154 opinionem
318 2096 411 2158 aque
429 2081 504 2140 sunt
526 2077 582 2151 ibi,
603 2081 640 2137 ut
657 2077 794 2138 Basilius
811 2077 897 2148 dicit,
949 2081 1008 2148 ret,
1020 2077 1187 2139 datlocum
1201 2077 1396 2157 intelligendi
1413 2096 1532 2150 aerem,
1550 2078 1733 2156 significans

77 2154 160 2216 loco
178 2175 297 2235 pror.
312 2158 378 2230 eit,
390 2155 430 2219 ad
445 2154 746 2232 contemperandum
760 2155 899 2216 calorem
950 2155 1054 2232 ipsum
1067 2157 1159 2232 quasi
1174 2172 1265 2234 aquae
1275 2173 1448 2228 annerum,
1462 2153 1534 2218 edm
1545 2155 1620 2216 dicit
1647 2155 1734 2235 qudd

79 2235 290 2296 caelestium
321 2252 503 2313 corporum.
528 2233 626 2312 Cujus
649 2232 773 2310 signum
806 2249 900 2293 acee-
950 2233 1405 2315 tenebroeerontrupersoeiem
1428 2233 1549 2314 abyssi:
1570 2252 1628 2312 per
1647 2232 1734 2311 quod

80 2318 222 2388 perunt
239 2315 358 2391 aliqui,
373 2316 410 2374 ut
423 2312 621 2391 Augustinus
635 2309 721 2379 dicit,
735 2311 789 2370 lib.
804 2309 823 2368 2
837 2329 900 2370 su·
949 2311 1044 2373 datur·
1063 2313 1196 2390 intelligi
1217 2329 1313 2390 super
1342 2311 1454 2374 taciem
1472 2329 1564 2390 aque
1581 2329 1651 2373 esse
1668 2311 1735 2372 ali-

81 2407 145 2466 per
160 2391 359 2470 Gen.‚cap.
375 2390 473 2468 5,per
484 2387 650 2466 tot.,qudd
671 2389 760 2448 stella
771 2387 898 2448 Saturni
949 2391 1033 2466 quod
1044 2407 1159 2467 corpus
1175 2390 1382 2467 diapbanum,
1392 2390 1478 2468 quod
1491 2395 1539 2452 est
1555 2390 1733 2469 subjectum

83 2474 240 2604 propter
251 2470 453 2562 yicinitatem
466 2478 625 2546 aquarum
636 2467 837 2544 superiorum
852 2469 900 2528 est
949 2466 1029 2558 lucis
1045 2472 1076 2559 et
1087 2468 1307 2559 tenebrarum.
1577 2545 1585 2560 ·
1669 2545 1675 2560 Ι

86 2547 362 2688 ἔιὲτᾞοιῧῗυηεωῆι.
375 2657 412 2668 -
432 2621 543 2713 Utrdm
567 2621 789 2702 firmamentum
814 2619 900 2682 dioi-
948 2544 1735 2702 mggecqffiqlnnqigrneugesqlffirrsffieaqtqiqg1323}qu
1807 2651 1810 2661 ·

128 2701 191 2762 dat
214 2721 320 2860 aquas
343 2700 380 2763 ob
401 2719 500 2782 aquis.
515 2733 553 2744 -
567 2699 658 2780 (Pot.
672 2717 724 2778 qu.
738 2697 769 2772 i,
785 2709 847 2760 ort.
867 2699 897 2774 1,
949 2701 1032 2762 aeris
1053 2702 1235 2792 nubilosum
1244 2722 1261 2794 3·
1270 2703 1497 2794 convenienter
1511 2701 1626 2792 dicitur
1648 2700 1735 2778 qudd

132 2799 344 2921 Ydrltertinm
357 2858 403 2920 sio
418 2855 609 2946 proceditur.
628 2856 657 2916 1.
668 2853 802 2916 Videtur
812 2855 898 2932 qudd
948 2778 1735 2946 gdssaqirbrdupglrglqvtlrgrlriraggilesrrzrbiriiqosslm'issgiglrtrli:

91 2933 350 2998 lirrnamentum
374 2950 439 2996 non
461 2933 582 2994 dividat
601 2949 703 3009 aquas
726 2934 767 2993 ab
792 2933 896 3008 aquis.
948 2933 1074 3009 linatur,
1089 2936 1140 2996 vel
1164 2931 1338 2996 seeundum
1363 2933 1447 3011 qudd
1470 2949 1578 2995 omnia
1598 2949 1735 3010 corpora

91 3009 205 3076 tinius
229 3014 314 3076 enim
335 3011 478 3090 eorporis
500 3008 675 3072 secundum
695 3010 832 3088 speciem
851 3015 899 3072 est
948 3012 1107 3090 diaplrana
1122 3015 1182 3074 sub
1197 3012 1356 3072 communi
1372 3013 1500 3072 nornine
1514 3028 1672 3088 aquarum
1687 3010 1732 3090 (1)

95 3106 187 3154 unus
206 3093 303 3153 loeus
323 3089 490 3152 naturalis.
513 3089 572 3150 Sed
586 3088 689 3148 omnis
711 3103 795 3164 aqua
811 3089 898 3150 omni
948 3089 1181 3168 intelliguntur.
1203 3092 1282 3150 Nam
1303 3091 1416 3151 coelum
1436 3087 1595 3150 sidereum
1615 3089 1735 3149 distin·-

95 3183 198 3309 iiui
214 3173 268 3308 il
281 3169 391 3308 lidii
404 3165 899 3306 ”eleusiilituis:
948 3164 1736 3307 til·til'titiliiliilillisdilicti

122 3265 429 3404 o’aquaepab'aquqs
445 3263 520 3383 s’ni'n
535 3261 764 3400 distinglirendu
777 3337 899 3382 secun-
947 3289 1112 3385 rem'aeris
1127 3328 1262 3402 partem,
1274 3323 1307 3384 in
1320 3320 1386 3400 qud
1398 3261 1732 3401 genergnturpfuvte,

100 3342 180 3464 gisna
194 3405 318 3464 locum.
948 3405 979 3461 et
993 3401 1173 3482 hujusmodi
1186 3402 1422 3480 impressiones,
1438 3401 1479 3460 ab
1490 3397 1631 3461 interiori
1642 3403 1734 3477 parto

140 3479 174 3542 2.
200 3483 371 3552 Praeterea,
381 3480 407 3540 si
417 3477 541 3540 dicatur
553 3475 742 3554 quddaqnu
754 3475 898 3554 illaeque
948 3479 1044 3550 aeris,
1060 3497 1131 3557 quaa
1146 3497 1238 3558 aquae
1253 3479 1463 3552 connectitur,
1481 3481 1512 3538 et
1526 3479 1586 3540 sub
1604 3478 1735 3540 nomino

102 3555 897 3652 suntsnpralirmamontum,suntalteriusspecioi
948 3573 1106 3634 aquarum
1117 3557 1316 3636 intelligitur.

104 3639 146 3698 ab
156 3639 423 3716 aquisqumsunt
433 3631 898 3703 subfirmamento;conlra.Eu
987 3634 1034 3694 Ad
1061 3635 1199 3711 primurn
1224 3651 1300 3712 ergo
1321 3632 1489 3694 dicendum
1515 3630 1599 3712 qudd
1621 3631 1648 3694 si
1676 3649 1735 3710 per

128 3732 182 3777 uas
194 3719 272 3775 sunt
286 3707 460 3774 secunddm
472 3711 608 3788 speciem
622 3710 758 3780 diversa,
772 3725 837 3771 non
850 3709 898 3769 in·
948 3712 1183 3774 firmamentum
1205 3713 1402 3791 intelligatur
1426 3710 1539 3772 culum
1562 3709 1733 3780 sidereum,

105 3731 221 3872 digent
235 3791 345 3869 aliquo
359 3790 424 3850 alio
434 3789 659 3866 distinguente.
674 3787 704 3846 Si
716 3803 792 3866 ergo
805 3803 897 3866 aquae
948 3805 1039 3866 aquen
1061 3791 1243 3867 superiores
1267 3807 1333 3850 non
1356 3792 1431 3850 sunt
1451 3786 1592 3868 ejusdem
1615 3787 1732 3866 speciei

107 3871 298 3948 superiores
311 3872 342 3930 et
356 3867 524 3928 interiores
542 3865 647 3943 speeie
666 3863 826 3936 differunt,
844 3865 898 3925 lir-
948 3885 1020 3927 cum
1036 3867 1252 3930 interioribus.
1265 3867 1295 3928 Si
1309 3872 1415 3928 autem
1430 3885 1487 3946 per
1496 3865 1732 3926 firmamentum
1802 3909 1807 3921 .

106 3953 309 4012 aramentum
323 3963 377 4008 eas
394 3945 435 4006 ab
449 3945 585 4006 invicem
596 3960 661 4004 non
672 3942 847 4022 distinguit.
948 3944 1146 4025 intelligatur
1173 3945 1342 4007 nubilosus
1370 3959 1445 4017 aer,
1476 3949 1554 4004 tunc
1587 3947 1732 4018 utraeque
1849 4009 1854 4021 ,

146 4029 180 4088 3.
205 4029 372 4096 Praeterea,
389 4021 467 4084 illud
482 4021 608 4082 videtur
627 4036 728 4097 aquas
749 4023 790 4081 ab
804 4021 896 4096 aquis
947 4038 1040 4099 aquae
1068 4027 1144 4084 sunt
1162 4022 1302 4100 ejusdem
1328 4021 1461 4098 speciei;
1486 4025 1518 4081 et
1539 4019 1734 4096 deputantur

109 4103 309 4184 distinguere
325 4103 410 4180 quod
425 4117 465 4160 ex
481 4098 619 4190 utraque
636 4101 726 4176 parte
748 4099 789 4159 ab
802 4099 896 4174 aquis
946 4106 1024 4161 tunc
1035 4100 1099 4161 duo
1111 4099 1181 4162 loca
1199 4101 1290 4178 aquis
1306 4116 1371 4159 non
1390 4097 1499 4160 eedem
1514 4097 1658 4170 ratione3
1677 4095 1732 4156 sed

109 4184 221 4244 contin
246 4183 326 4252 itura
342 4180 424 4240 sieut
435 4178 462 4238 si
475 4177 591 4254 aliqum
607 4175 712 4253 paries
726 4173 898 4236 fabricetur
948 4177 1036 4238 locus
1058 4179 1206 4254 superior
1219 4182 1268 4238 est
1287 4177 1377 4236 locus
1392 4174 1604 4253 generationis
1627 4188 1732 4250 aqua-

110 4260 142 4321 in
170 4201 276 4320 medio
299 4257 449 4318 lluminis.
482 4253 686 4316 Manifestum
714 4255 761 4314 est
789 4256 896 4312 autern
947 4271 1031 4328 rum,
1047 4255 1137 4315 locus
1160 4257 1267 4316 autem
1282 4252 1415 4314 interior
1439 4257 1487 4314 est
1503 4252 1593 4312 locus
1614 4250 1730 4329 quietis

110 4339 199 4416 quod
213 4353 306 4415 aquae
320 4333 487 4396 interiores
511 4349 576 4392 non
617 4329 780 4408 erlingunt
793 4345 897 4406 usque
947 4349 1071 4395 earnm.

112 4417 151 4478 ad
164 4417 412 4477 firmamentum.
422 4412 507 4490 Ergo
517 4426 582 4472 non
614 4407 703 4472 'vidit
715 4406 897 4469 firmamen-
988 4409 1035 4470 ld
1049 4407 1225 4471 secundum
1239 4405 1405 4470 dicendum
1425 4405 1510 4486 qudd
1524 4405 1551 4468 si
1565 4406 1733 4484 accipian-

111 4499 182 4556 tnm
198 4509 300 4571 aquas
315 4493 356 4554 ab
369 4490 476 4568 aquis.
946 4491 1001 4549 tur
1014 4503 1106 4565 aquae
1117 4487 1249 4549 diversas
1264 4484 1437 4548 secundum
1449 4486 1598 4563 speeiem,
1615 4484 1730 4547 firma·

150 4571 213 4634 Sed
224 4576 335 4632 contra
347 4573 396 4631 est
408 4565 495 4645 quod
508 4565 625 4627 dicitnr
637 4563 717 4626 Gen.
728 4561 758 4636 l,
769 4561 807 4622 d:
820 4561 849 4624 F
850 4562 897 4624 iot
947 4568 1090 4627 mentum
1102 4563 1217 4626 dieitur
1229 4564 1368 4628 dividere
1381 4579 1482 4642 aquas
1492 4564 1533 4624 ab
1545 4562 1649 4640 aquis.
1665 4581 1732 4622 noas

112 4654 336 4732 firmamentum
360 4647 396 4707 in
409 4643 507 4706 alodio
533 4659 702 4724 aquarum,
726 4648 754 4702 et
775 4639 897 4704 dividet
948 4643 1031 4706 sicut
1042 4659 1140 4706 causa
1155 4642 1273 4705 taciens
1286 4641 1487 4716 divisionem,
1502 4643 1558 4701 sed
1571 4650 1653 4702 sroat
1667 4647 1736 4700 ter-

112 4747 209 4809 oquos
224 4726 261 4789 ab
276 4726 374 4806 aquis.
947 4722 1053 4783 minus
1065 4726 1276 4796 utrarumque
1291 4735 1460 4796 aquarum.

152 4805 339 4884 ltespondeo
348 4799 514 4863 dicendum
524 4796 609 4879 qudd
622 4797 664 4860 ali
711 4797 739 4860 is
754 4795 898 4860 conside-
987 4798 1033 4859 Ad
1047 4799 1175 4859 tertium
1186 4796 1352 4859 dicendum
1364 4794 1448 4875 qudd
1462 4794 1588 4874 Moyses
1599 4796 1731 4871 propter

113 4886 215 4946 rendo
229 4881 394 4960 superficie
407 4875 500 4940 tends
512 4877 651 4938 litteram
694 4876 809 4937 eaesis.
823 4891 904 4952 pos··
948 4877 1198 4938 invisibilitatem
1217 4874 1301 4936 aeris
1321 4879 1352 4934 et
1374 4873 1525 4934 similium
1545 4887 1728 4949 corporum,

114 4967 161 5024 set
188 4963 285 5024 talem
308 4957 568 5037 imaginationem
592 4952 758 5029 concipere
783 4969 897 5013 secun·
948 4955 1055 5016 omnia
1074 4952 1254 5032 hujusmodi
1271 4967 1404 5030 corpora
1417 4952 1477 5012 sub
1495 4965 1588 5026 aque
1602 4949 1730 5008 nomine

114 5037 189 5101 ddm
216 5036 428 5117 quorumdam
450 5033 657 5109 antiquorum
683 5030 895 5121 philosopho-
948 5031 1197 5108 comprehendit.
1213 5030 1252 5090 Et
1263 5028 1520 5090 sicmanilestum
1532 5031 1581 5087 est
1592 5023 1677 5102 qudd
1689 5041 1730 5088 ex

116 5137 187 5179 rum
211 5117 414 5194 positionem.
445 5113 624 5172 Posuernnt
650 5107 735 5170 enim
766 5107 897 5184 quidam
947 5107 1084 5187 utrdqne
1097 5115 1184 5184 parte
1194 5107 1384 5170 firmamenti
1394 5105 1669 5184 qualitercumque
1678 5119 1731 5164 ac·

115 5184 896 5288 aquarnquoddaminlinitumcorpus,etomnium
948 5187 1041 5263 cepti,
1057 5189 1248 5263 suntaqua.
1338 5221 1344 5236 ·
1448 5221 1451 5232 ·

116 5276 250 5337 ⁸¹¹⁰fflm
260 5287 428 5348 0⁰fll⁰¹¹¹¹¹¹
440 5263 644 5356 Principium·
655 5263 756 5336 Quam
768 5262 897 5354 quidem
948 5282 1128 5344 Anrrcuaos
1149 5276 1360 5342 rv.—lltrdm
1375 5279 1525 5340 ottonom
1539 5277 1645 5336 colom
1660 5281 1733 5334 ton-

116 5350 360 5413 immfflimem
384 5361 542 5425 aquarum
562 5357 705 5418 ³⁰⁰¹er
726 5345 838 5478 8⁰⁸⁵&
862 5357 896 5401 ¹¹¹
968 5351 1710 5440 trime-(wat.li,artie.i,ethet.teet.7.)

117 5415 896 5584 m{nfiqaerysjyoieffffbpglrilni'ronffint122?ng
986 5459 1033 5522 Ad
1046 5464 1197 5540 quartum
1206 5459 1253 5523 sic
1261 5454 1455 5537 proceditur.
1465 5454 1493 5516 t.
1502 5453 1635 5514 Videtur
1645 5449 1732 5530 qudd

117 5585 199 5665 qudd
222 5583 301 5646 illud
324 5581 439 5645 ooelum
453 5577 614 5649 sensibile,
633 5574 718 5653 qnod
739 5573 894 5646 videmus,
985 5586 1023 5658 μ)
1039 5585 1109 5642 reda,
1125 5586 1202 5643 nom.
1218 5604 1225 5642 2
1241 5584 1295 5641 sot
1313 5583 1382 5637 ,mni
1403 5579 1573 5636 ,mmmm
1597 5591 1731 5651 mmm,

119 5683 179 5725 non
200 5662 343 5730 eontinet
355 5657 438 5722 intra
456 5673 490 5720 se
502 5655 609 5718 omnia
626 5651 824 5732 corporalia3
842 5649 897 5714 sed
950 5655 1085 5716 itieataias
1099 5675 1106 5711 :
1120 5653 1174 5714 Sat
1185 5653 1353 5714 mnrmtestit
1365 5665 1497 5720 mmmm.
