4002 6346
83 333 149 392 sas
634 333 769 406 caasa.
789 333 823 390 ιι.
843 333 889 392 os
907 331 1138 390 sannanim
1158 329 1223 390 nst
1681 331 1732 384 aas

87 449 271 512 intellectu
284 444 420 526 aterno,
435 449 491 529 qui
509 451 557 512 est
572 449 752 518 intellectus
769 447 896 511 divinus
951 444 1184 523 parteistarum
1192 441 1733 522 mensnrammmtaeeipiaturliuis,

87 529 212 601 solus;
227 523 314 620 unde
330 546 395 590 non
411 531 556 609 sequitur
568 528 654 608 quod
669 526 790 606 aliquid
803 531 897 588 extra
952 529 983 584 et
997 523 1192 662 principium
1211 522 1244 598 in
1265 518 1429 600 potentias
1447 521 1640 599 quiaptiam
1662 523 1736 614 dato

84 605 207 669 Deum
221 603 264 670 aa
275 611 445 670 aternum.
950 619 995 680 qu
1017 601 1037 660 d
1055 605 1178 678 tempus
1198 617 1324 678 semper
1344 600 1447 674 duret,
1464 604 1570 672 amen
1585 603 1735 680 possibile

85 711 288 771 Amemus
310 709 529 772 ir.-lltrdm
551 709 708 770 eternitas
728 708 762 770 di
790 703 896 770 crota
950 679 1569 771 ⁰⁵¹iii¹¹³fei⁰i⁰¹¹¹p⁰¹e²t¹3¹¹¹i⁰ipi¹im
1585 679 1733 772 ‘iidem’

135 789 477 870 tempora-(infra,
504 796 565 850 ors,
589 787 620 880 a,
642 796 670 848 ,a
694 789 723 860 ι,
746 707 820 848 ssim,
840 785 894 858 10,
950 757 1734 894 acprptepdoaliqssaspartesipsius„slautdrcimus

131 874 249 948 mc
267 867 305 940 a,
322 875 384 928 aa.
413 869 448 940 1,
474 876 502 928 a
528 867 548 926 s
576 866 649 926 noc
671 866 706 940 a,
732 873 839 945 parcat.
865 864 894 936 ι,
949 854 1141 927 eueeaua
1162 838 1192 916 a
1231 828 1733 929 eemieaetaeeauedaee

134 953 203 1006 mg,
226 947 257 1018 1,
277 954 309 1008 ,ε
324 945 431 1026 quau·
448 945 482 1020 5,
499 955 606 1026 qm·
620 943 658 1018 p,
678 951 705 1005 ,ι
721 943 827 1024 Μαι,
844 942 893 1016 10,
949 920 1105 994 contingit
1117 919 1347 976 snmternttate.
1363 913 1422 976 Sed
1439 919 1544 976 tamen
1558 919 1626 978 istae
1639 915 1735 986 dide-e

132 1032 250 1105 qm·
263 1025 298 1099 2,
315 1035 346 1087 a
355 1033 425 1106 pot·
440 1033 547 1108 qm
562 1024 591 1098 3¹
607 1031 668 1084 m·
684 1022 734 1097 st,
751 1019 869 1102 ⁰413.)
948 995 1059 1083 sentiae
1076 997 1319 1102 consequeretur
1332 1009 1419 1068 eam,
1433 1009 1504 1070 quse
1519 999 1568 1066 est
1581 1011 1639 1072 per
1650 1011 1688 1086 se,
1703 999 1735 1058 et

948 1069 1069 1152 prsmb²
1086 1065 1316 1146 dilierentiam,
1331 1089 1388 1150 per
1401 1069 1462 1134 boc
1474 1071 1559 1149 qubd
1572 1076 1732 1138 aeternitas

135 1145 189 1208 Ad
201 1149 359 1226 quartum
370 1148 415 1209 sic
437 1145 617 1208 inceditur.
628 1140 655 1208 i.
665 1141 798 1206 Videiui·
808 1139 894 1234 qudtl
948 1155 997 1212 est
1010 1155 1074 1214 tota
1087 1141 1200 1224 sititul,
1219 1141 1284 1210 iion
1298 1155 1405 1212 autem
1420 1154 1554 1228 tempus.

89 1225 266 1288 aeternitas
279 1242 345 1288 non
357 1227 397 1287 sit
406 1166 521 1314 niindd
532 1228 683 1304 tempore.
695 1217 894 1314 impossibile
987 1228 1034 1288 Ad
1071 1229 1188 1309 rincum
1201 1245 1277 1308 erpo
1291 1223 1458 1306 dicendum
1479 1228 1565 1305 qudd
1581 1230 1665 1294 ratio
1678 1231 1733 1297 illa

89 1309 147 1366 est
170 1306 257 1366 euim
281 1303 362 1366 duas
382 1323 452 1367 esse
467 1320 633 1364 mensurus
650 1299 828 1391 durallquts
844 1319 896 1361 st·-
947 1247 1308 1390 procederetsitempus
1325 1306 1733 1382 etaeternitasessentmen·

89 1383 181 1454 mul,
196 1384 261 1444 nisi
273 1397 341 1446 uria
355 1383 394 1446 sit
404 1400 479 1462 pars
490 1379 632 1442 alterins.
642 1381 711 1442 Non
723 1399 806 1469 enim
820 1379 895 1440 sunt
966 1395 1031 1446 urae
1041 1383 1135 1465 unius
1145 1385 1270 1464 generis
1280 1406 1288 1459 ;
1300 1386 1558 1464 quodpatetesse
1568 1387 1682 1450 laisum
1694 1407 1733 1456 ex

91 1463 199 1528 simut
215 1461 284 1528 duo
307 1461 393 1534 dies,
418 1460 468 1525 ael
488 1459 557 1521 duan
574 1455 676 1532 horm3
693 1457 747 1520 sed
768 1446 843 1550 ‘dies
864 1455 894 1518 el
947 1405 996 1526 iis
1030 1483 1145 1526 uorum
1174 1467 1336 1544 stlempus
1353 1470 1384 1526 et
1400 1465 1733 1540 aeternitasmensura.

91 1541 183 1603 bora
201 1543 282 1602 sunt
296 1539 402 1612 simul,
416 1539 493 1619 quia
506 1539 586 1600 bora
598 1541 646 1630 est
659 1555 732 1618 pars
745 1533 818 1598 dier.
835 1533 894 1598 Sed
987 1483 1033 1604 ti
1046 1483 1221 1606 secantium
1234 1537 1402 1604 dicendum
1414 1541 1499 1621 qnod
1510 1563 1593 1608 auae
1608 1549 1729 1623 tempe

92 1620 269 1682 aeit‘rniias
301 1623 332 1679 el
367 1622 491 1696 ietttptts
515 1620 590 1678 suni
615 1615 729 1688 aimuh
753 1632 892 1699 quorum
947 1620 992 1684 ris
1016 1625 1064 1684 ast
1085 1621 1168 1684 idem
1192 1619 1335 1700 subjecto
1354 1621 1387 1682 in
1409 1625 1474 1684 [oto
1494 1627 1655 1702 tempore,
1678 1625 1732 1686 sed

93 1707 283 1784 utrumque
308 1715 492 1760 mensuram
518 1695 689 1774 quamdam
715 1691 893 1756 durationis
948 1697 1096 1762 diderens
1111 1697 1254 1772 ratione,
1275 1717 1314 1761 eo
1328 1688 1413 1778 qubd
1428 1701 1511 1762 sicut
1533 1706 1657 1781 tempus
1678 1720 1733 1770 ref

95 1778 271 1858 importat.
287 1775 366 1838 Cum
383 1777 481 1860 igitur
494 1775 653 1838 aeternitas
673 1791 738 1834 non
757 1773 799 1834 sit
818 1789 893 1854 pars
947 1775 1083 1858 spondet
1101 1775 1215 1850 motui,
1236 1774 1280 1840 ita
1300 1797 1383 1840 nanc
1399 1781 1548 1858 temporis
1561 1780 1732 1858 respondet

96 1859 279 1935 tenereris,
302 1855 379 1934 quia
396 1849 554 1917 eternitas
570 1851 692 1914 ereata
710 1855 845 1937 tompus,
864 1848 895 1912 et
948 1853 1075 1930 monita
1094 1851 1210 1916 mobile
1228 1860 1335 1918 autem
1357 1862 1405 1918 est
1429 1856 1511 1918 idam
1535 1859 1676 1936 subjecto
1698 1859 1731 1922 to
1837 1853 1841 1860 ’

96 1937 241 1997 includit
261 1935 380 2012 ipsum,
395 1931 520 1996 videtur
532 1929 617 2009 qnbd
629 1934 752 2022 tenipus
767 1927 808 1992 sit
819 1946 893 2010 pars
948 1929 1013 1996 toto
1027 1935 1164 1998 decursu
1177 1935 1339 2074 teneoras,
1356 1934 1410 1996 sed
1424 1925 1573 1997 dilierens
1587 1935 1729 2010 ratione,

98 2015 308 2086 aternitatis,
327 2015 357 2073 et
373 2019 438 2074 non
456 2009 540 2074 aliud
555 2012 596 2074 ab
609 2011 794 2072 eternitate.
830 2085 837 2100 ‚
948 2013 981 2075 in
1000 2017 1156 2092 quantum
1175 2016 1223 2074 ost
1261 2011 1291 2076 tc
1309 2010 1417 2087 ctibi;
1437 2013 1546 2076 otista
1564 2015 1732 2078 alternatio

142 2093 174 2153 ἓ.
197 2095 372 2162 Praelerett,
394 2087 568 2154 secunditm
586 2087 814 2165 Philosophum
829 2081 895 2148 rui
947 2097 997 2156 est
1012 2097 1128 2152 illotus.
1147 2087 1297 2152 Similiter
1319 2086 1425 2154 liunus
1448 2091 1548 2171 ipsius
1562 2112 1663 2166 abac,
1682 2113 1732 2156 se·

99 2173 215 2254 Phys,
226 2175 307 2234 text.
322 2167 391 2245 idi,
405 2173 436 2232 et
449 2169 518 2239 tat,
529 2185 615 2230 nunc
629 2163 778 2258 teriiporis
789 2167 896 2226 manet
948 2167 1086 2232 cundiam
1097 2169 1182 2250 qnod
1195 2170 1373 2231 alternatur
1385 2171 1520 2245 ratione,
1532 2175 1581 2234 est
1593 2178 1728 2250 tempus.

102 2251 189 2314 idem
208 2252 241 2314 in
264 2253 331 2312 toto
348 2253 499 2327 tempore.
514 2247 574 2308 Sed
594 2245 654 2308 boc
670 2245 792 2306 videtur
813 2261 896 2304 eon-
947 2250 1119 2310 AEternitas
1136 2252 1243 2310 autem
1266 2253 1372 2310 manet
1396 2249 1506 2312 eadem
1529 2255 1560 2312 et
1589 2251 1731 2333 subjecto

102 2331 241 2392 stituere
255 2329 412 2392 rationem
427 2325 623 2400 aeternitatis,
644 2323 730 2402 qubd
753 2324 795 2384 sit
813 2321 895 2384 idem
948 2333 979 2390 ot
993 2327 1129 2398 ratione,
1143 2325 1226 2390 narde
1238 2324 1398 2390 aeternitas
1412 2345 1476 2390 non
1490 2332 1538 2390 est
1549 2327 1631 2390 idem
1645 2330 1731 2410 quod

103 2409 346 2472 indivisibiliter
359 2425 393 2468 se
406 2405 525 2466 habens
539 2405 572 2464 in
587 2403 652 2465 toto
665 2403 802 2463 decursu
815 2403 897 2462 lenm
947 2426 1031 2468 nora
1043 2407 1207 2486 temporis.
1336 2477 1342 2486 Δ

104 2491 207 2566 poris.
220 2487 308 2567 Ergo
321 2485 480 2548 aeiernilits
495 2486 542 2544 esi
556 2500 642 2545 nunc
659 2479 821 2574 temporis.
837 2477 896 2540 Sed
949 2517 952 2528 ·
988 2483 1035 2547 Ad
1048 2489 1176 2548 tertium
1195 2475 1362 2546 dicendum
1376 2483 1460 2562 quad
1476 2485 1558 2548 sicut
1571 2487 1731 2552 aeternitas

104 2585 195 2630 nnnc
206 2571 270 2630 tem
296 2565 361 2629 oris
378 2565 505 2625 nonest
525 2561 611 2624 aliud
629 2561 803 2624 secuudum
817 2559 897 2620 snb-
948 2572 996 2626 est
1006 2561 1135 2644 propria
1148 2560 1406 2642 niensnraipsius
1420 2583 1489 2626 esse
1500 2567 1730 2643 perrnanentts,

106 2647 260 2710 stantiam
273 2585 296 2707 d
311 2647 464 2722 tempore.
481 2641 565 2732 Ergo
579 2639 738 2702 eternitas
761 2655 824 2699 non
849 2641 897 2700 esi
949 2643 992 2706 itu
1008 2652 1131 2732 ternpus
1147 2645 1195 2703 est
1207 2640 1335 2780 propria
1349 2661 1500 2706 mensura
1510 2645 1632 2716 motds3
1647 2645 1730 2708 unde

107 2725 195 2786 aliud
212 2720 391 2788 secunddm
407 2718 652 2782 substantiama
669 2723 821 2796 ternpore.
949 2719 1123 2784 secundnm
1149 2720 1234 2798 qnid
1249 2739 1267 2782 a
1282 2718 1379 2798 iquod
1400 2739 1469 2784 esse
1489 2719 1635 2784 reciditis
1652 2743 1732 2802 per-

147 2805 177 2864 3·
191 2805 362 2872 Piaelerem
376 2802 619 2862 Situlmensura
629 2797 721 2880 primi
733 2794 836 2858 moltis
849 2794 897 2856 esi
949 2797 1249 2872 manentiaiessendi,
1259 2804 1289 2862 et
1303 2797 1447 2862 subditur
1459 2803 1730 2878 transmutationi,

109 2899 264 2944 mansura
286 2880 432 2942 omnium
452 2881 612 2950 motuum,
640 2882 675 2937 ut
691 2875 807 2936 ditilut·
828 2869 897 2936 issi
950 2873 1124 2942 secundiam
1145 2879 1334 2940 tioorreedtt
1351 2881 1392 2940 ab
1406 2881 1598 2952 eternitate,
1614 2884 1733 2942 etsub-

109 2961 247 3044 Pbysie.,
264 2962 350 3024 teil..
358 2957 432 3031 133,
450 2957 496 3018 ita
509 2954 633 3018 videtur
646 2951 732 3034 qudd
747 2969 898 3016 mensura
949 2956 1034 3022 ditur
1056 2957 1200 3038 tempori.
1217 2957 1294 3018 Esse
1309 2975 1385 3035 ergo
1402 2953 1509 3020 r'ernnr
1534 2960 1733 3036 corruptibi-

110 3043 203 3118 primi
220 3054 294 3102 esse
309 3039 350 3100 sit
362 3053 513 3098 mensura
525 3035 628 3098 omnis
644 3052 724 3096 esse·
736 3031 795 3094 Sed
807 3038 898 3094 ieter·
949 3037 1040 3110 ium,
1055 3037 1132 3114 quia
1146 3041 1194 3098 est
1207 3037 1460 3109 transmutabile,
1475 3053 1540 3098 non
1557 3055 1733 3102 mensura-

111 3121 193 3182 uitas
208 3123 258 3182 est
275 3130 428 3180 mensura
444 3113 538 3194 primi
558 3132 647 3188 esse,
663 3109 748 3192 qued
763 3115 811 3172 est
827 3129 897 3172 esse
950 3121 1002 3178 tur
1023 3115 1211 3187 aeternitate,
1233 3111 1288 3176 sed
1307 3119 1466 3192 ternpore3
1494 3120 1617 3192 teinpus
1645 3117 1731 3178 enim

110 3198 265 3259 divinum.
282 3195 367 3274 Ergo
383 3193 542 3258 aeternitas
558 3195 606 3254 est
627 3207 778 3254 mensura
792 3189 896 3252 omnis
950 3195 1114 3256 sumserat
1130 3211 1192 3253 non
1214 3189 1318 3274 saliem
1339 3211 1411 3272 qna
1431 3197 1685 3256 transmutantur
1699 3197 1731 3256 in

112 3295 190 3340 esse.
206 3276 269 3337 Sed
282 3291 353 3336 esse
367 3281 475 3336 rerum
495 3271 749 3353 corruptibilium
761 3286 898 3330 ntensu-
949 3275 1035 3345 actu,
1051 3273 1105 3334 sod
1118 3289 1188 3350 qna
1200 3273 1557 3345 sunttransmutabilia;
1571 3274 1655 3336 unde
1667 3292 1732 3338 nen

112 3360 201 3418 ratur
215 3361 373 3432 tempore.
387 3349 471 3432 Ergo
482 3353 604 3430 tempus
615 3349 666 3414 vel
678 3351 726 3412 est
737 3347 896 3410 aeternitas
950 3349 1054 3418 soldm
1069 3355 1234 3414 mensurat
1246 3355 1379 3426 motura,
1394 3343 1560 3414 sedetiam
1579 3353 1731 3430 quietem,

112 3437 159 3498 rel
177 3431 303 3512 aliquid
317 3429 512 3496 aeternitatis.
950 3448 1022 3510 quaa
1036 3428 1084 3490 o'st
1094 3429 1162 3510 ejus
1176 3427 1263 3508 quod
1284 3434 1394 3492 natum
1409 3434 1457 3492 est
1470 3431 1608 3504 moveri,
1624 3439 1655 3494 et
1667 3448 1733 3492 non

150 3513 209 3576 Sed
226 3513 341 3574 contra
354 3514 402 3572 est
427 3507 512 3586 qubd
539 3509 697 3570 aeternitas
711 3509 759 3570 est
773 3508 840 3568 tota
852 3505 898 3568 si·
950 3507 1107 3572 movetur.

114 3591 394 3667 mut.1ntompore
408 3591 514 3650 autem
526 3589 573 3648 est
587 3587 675 3665 prius
687 3589 717 3646 et
728 3583 897 3664 posterius.
950 3584 1130 3650 darmatas
1149 3581 1269 3650 v.-Dc
1281 3580 1458 3666 differentia
1469 3588 1525 3648 avi
1533 3596 1560 3648 ct
1575 3589 1731 3668 temporie.

114 3673 156 3732 Er
176 3676 339 3748 otempus
357 3669 388 3730 et
402 3667 561 3728 eternitas
578 3683 642 3730 non
660 3669 736 3728 sunt
752 3666 846 3726 idem.
1049 3701 1086 3712 -
1101 3664 1110 3748 l
1123 3665 1214 3728 Locis
1226 3683 1296 3744 sup.
1311 3673 1372 3725 ort.
1384 3665 1414 3734 b,
1426 3674 1526 3727 octat.
1542 3665 1611 3744 15.)

151 3691 342 3828 despondeo
352 3743 613 3822 dicendumqudd
627 3738 827 3804 manifestum
852 3743 900 3804 est
992 3741 1194 3824 Adquintum
1209 3743 1254 3806 sic
1266 3745 1495 3836 proceditur.1.
1505 3745 1637 3808 Videtur
1648 3745 1733 3824 qadd

116 3834 238 3906 tempus
265 3829 298 3886 et
321 3824 528 3887 eternitatem
560 3839 624 3883 nou
645 3840 713 3884 esse
730 3822 825 3882 idem.
841 3819 900 3882 Sed
952 3843 1056 3888 aevum
1080 3842 1144 3886 non
1168 3823 1208 3884 sit
1231 3819 1318 3884 aliud
1339 3820 1526 3902 ateirepore.
1550 3826 1631 3886 Dicit
1649 3826 1734 3886 enim

117 3908 208 3988 hujus
222 3903 417 3967 diversitatis
433 3902 589 3964 rationem
604 3901 732 3978 quidam
748 3901 900 3982 assigna·
953 3903 1163 3982 A'ugustinus‚
1183 3899 1203 3962 8
1225 3920 1322 3982 super.
1346 3901 1425 3962 Gen.
1448 3903 1487 3964 ad
1500 3905 1579 3976 tat,
1596 3921 1665 3979 cap.
1682 3903 1732 3976 20,

118 3993 228 4048 verunt
239 4001 281 4046 ex
294 3983 355 4044 boe
370 3979 456 4061 quod
466 3981 623 4042 eternitas
642 3977 729 4048 caret
745 3977 901 4070 principio
952 3981 1002 4054 22,
1018 3979 1068 4054 23,
1081 3979 1168 4058 quad
1182 3979 1263 4040 Deua
1276 3988 1372 4040 mouet
1394 3990 1565 4042 creaturam
1584 3981 1735 4059 spirituo-

118 4071 147 4126 et
164 4065 243 4136 line,
264 4067 390 4140 tempus
411 4065 520 4122 autem
539 4059 635 4120 habet
656 4057 847 4138 principium
871 4053 902 4117 et
953 4060 1009 4122 loia
1019 4076 1076 4138 per
1093 4067 1219 4136 ternpus.
1240 4057 1298 4118 Sed
1313 4076 1415 4118 aevum
1430 4059 1544 4120 dicitnr
1559 4078 1629 4122 esse
1642 4077 1736 4122 men·
1762 4099 1765 4106 ·

118 4143 222 4204 linem.
232 4141 293 4202 Sed
305 4139 371 4202 bac
381 4144 428 4200 cst
438 4136 613 4200 dilicrentia
624 4136 835 4216 peraccidens
848 4181 856 4208 ‚
871 4133 903 4196 et
954 4139 1030 4200 siira
1044 4135 1258 4216 spiritualium
1273 4137 1536 4198 substantiarum.
1551 4139 1635 4217 Ergo
1649 4143 1735 4198 tem-

120 4239 180 4282 non
200 4239 261 4302 per
280 4238 331 4292 se3
353 4218 430 4296 quia
452 4217 525 4278 date
540 4213 625 4293 qudd
640 4219 762 4294 ternpus
778 4231 903 4294 semper
953 4235 1013 4296 pus
1029 4233 1093 4276 non
1110 4211 1213 4275 dilicrt
1227 4215 1268 4276 ab
1282 4231 1360 4276 aevo.

119 4293 221 4374 merit,
236 4301 270 4362 et
280 4311 407 4376 semper
417 4295 559 4358 laturum
569 4295 612 4356 sit
622 4291 795 4355 secundum
810 4293 904 4369 posi·
993 4293 1023 4354 2.
1038 4295 1194 4354 Praeterea
1207 4337 1215 4362 ‚
1230 4291 1268 4354 de
1282 4293 1408 4355 ratione
1422 4295 1574 4374 ternperis
1588 4300 1636 4358 est
1649 4293 1735 4372 qudd

120 4380 236 4440 donem
254 4391 367 4438 eorum
384 4375 439 4453 qui
458 4378 578 4436 motum
595 4373 664 4435 coeli
700 4373 801 4432 enunt
814 4389 904 4432 sem·
955 4373 1072 4436 habeat
1092 4371 1181 4453 prius
1204 4377 1235 4433 et
1252 4371 1430 4450 posterins3
1453 4373 1496 4449 de,
1513 4375 1637 4436 ratione
1661 4371 1736 4436 verb

120 4459 298 4537 piternum,
317 4454 423 4518 adliuc
436 4452 613 4515 remanebit
629 4449 659 4513 di
683 4449 805 4512 arentia
822 4447 918 4532 iuter.
956 4451 1141 4514 aeternitatis
1157 4449 1300 4534 estquod
1315 4451 1356 4512 sit
1369 4449 1434 4514 tota
1448 4454 1554 4528 sinunt,
1570 4457 1606 4528 pt
1619 4453 1735 4514 dictum

122 4539 347 4608 eternitatem,
370 4535 402 4594 et
417 4535 561 4610 tempus,
582 4536 619 4590 nt
638 4529 713 4590 dicit
728 4525 855 4590 boetius
872 4529 905 4590 iu
956 4531 1092 4612 est(a1·t.
1117 4530 1131 4591 l
1147 4527 1243 4612 hujus
1259 4537 1371 4608 quast.
1391 4575 1398 4590 .
1415 4531 1473 4592 Sed
1490 4551 1599 4606 ¹aevum
1611 4549 1675 4592 non
1690 4540 1738 4592 cst

122 4614 172 4677 libi
184 4617 224 4677 de
234 4613 398 4676 consuat.
412 4609 520 4690 (prosa
530 4607 561 4683 i,
573 4609 627 4670 lib.
642 4607 685 4746 Ξ),
699 4603 906 4698 exhoc'qudd
957 4609 1116 4672 aeternitas
1127 4628 1136 4682 ;
1147 4602 1356 4670 diciturenim
1392 4611 1461 4672 ccli.
1475 4612 1504 4684 1,
1515 4611 1599 4688 quoa
1610 4611 1738 4689 Sapien·

122 4695 282 4756 eternitas
298 4695 347 4758 est
360 4695 426 4754 tata
445 4689 554 4760 simul,
576 4703 640 4766 quo
685 4689 820 4764 tempori
840 4702 905 4746 non
959 4689 1003 4749 tio
1016 4692 1135 4748 aeterna
1146 4693 1190 4748 cet
1202 4694 1271 4768 anta
1284 4703 1391 4748 oeonrn.
1403 4680 1487 4768 Ergo
1500 4699 1627 4764 nonest
1638 4699 1737 4750 totum

122 4773 293 4836 convenit:
353 4770 393 4831 ia‘
411 4767 575 4832 aeternitas
594 4768 642 4826 est
662 4781 812 4826 mensura
836 4781 907 4826 esse
959 4767 1070 4838 sierint,
1091 4759 1146 4826 scd
1163 4762 1261 4828 babet
1273 4766 1363 4845 prius
1390 4772 1422 4828 et
1441 4767 1601 4846 posterius
1608 4787 1617 4842 ι
1637 4773 1668 4828 et
1695 4768 1738 4832 ita

122 4849 298 4952 permanen
326 4839 905 4928 stempasverbestmensuramotus.
959 4848 1006 4906 est
1021 4849 1156 4922 tempus.
1576 4907 1603 4918 ..

122 4933 150 4993 bi
159 4921 908 5008 tamenpraedictadifferentiaattendaturquan·
998 4921 1027 4982 3.
1043 4923 1210 4993 Praeterea,
1224 4919 1251 4983 si
1263 4921 1297 4982 in
1314 4939 1381 4986 mro
1393 4941 1458 5000 non
1471 4928 1519 4986 est
1530 4925 1620 5005 ppius
1633 4925 1664 4984 et
1677 4937 1733 5000 pp-

122 5009 185 5072 tdrn
202 5009 245 5073 ad
259 5007 458 5078 mensurata,
473 5006 505 5066 et
520 5020 585 5064 non
600 4997 758 5082 quantum
768 4999 808 5062 ad
820 5017 909 5082 men·
960 5001 1088 5076 sterius,
1104 4999 1251 5078 sequitur
1261 4999 1346 5079 qubd
1361 5001 1394 5064 in
1406 5005 1565 5076 evitcrnis
1579 5017 1644 5066 uon
1655 5001 1728 5060 dille

122 5107 234 5162 surae,
252 5088 299 5149 sic
312 5085 407 5148 babet
418 5083 515 5146 aliam
529 5080 700 5152 rationem3
735 5078 790 5141 nia
805 5078 909 5140 solnm
960 5079 1115 5152 rotasse,
1136 5078 1188 5139 vel
1206 5077 1315 5152 inisse,
1330 5081 1382 5143 vel
1396 5079 1538 5144 laturum
1558 5098 1640 5144 esse.
1663 5077 1736 5140 Cdrr

124 5096 909 5239 illudmensuraturtemporequedhibetprinci-
961 5158 1058 5238 igitur
1086 5157 1127 5218 sit
1146 5155 1343 5236 impossibile
1364 5160 1516 5226 aviarna
1536 5177 1603 5224 uon
1626 5157 1740 5230 luisse¹

146 5249 211 5308 inm
241 5247 274 5306 et
294 5243 389 5305 linem
415 5241 448 5300 iri
470 5244 623 5316 tempere,
644 5239 681 5298 ut
701 5235 815 5298 dieitur
837 5232 909 5296 int
962 5235 1108 5313 seqnitur
1147 5233 1212 5296 ubd
1231 5233 1427 5316 impossibile
1440 5241 1481 5302 sit
1502 5255 1541 5305 ea
1555 5255 1620 5300 non
1635 5233 1744 5298 lutura

128 5265 263 5408 ibysic„
278 5325 356 5384 tend.
370 5319 438 5382 120.
453 5317 541 5381 Unde
551 5317 578 5380 si
589 5319 693 5377 motus
706 5313 911 5392 cmlisemper
963 5333 1032 5377 esse
1049 5334 1056 5372 :
1073 5327 1138 5405 quo
1180 5312 1296 5376 salsum
1316 5321 1375 5391 est,
1392 5313 1465 5380 edm
1482 5317 1567 5380 Deus
1586 5314 1688 5396 possit
1707 5331 1744 5376 ea

128 5405 274 5478 duraret,
296 5405 421 5480 ternpus
436 5407 500 5460 don
515 5398 714 5458 mensuraret
729 5395 833 5533 igsum
854 5411 912 5484 ses
963 5389 1162 5455 reducerem
1181 5393 1328 5456 nihilum.
1728 5457 1742 5464 Ν

128 5479 370 5546 conddmsuam
386 5482 484 5541 totam
498 5473 738 5548 durationem‚c
764 5491 794 5532 m
807 5471 912 5532 infim·
1003 5469 1033 5531 li.
1049 5471 1216 5543 Preterea,
1233 5470 1304 5554 cum
1320 5467 1450 5552 duratio,
1460 5475 1683 5550 eyitcrporum,
1706 5471 1747 5544 sit

130 5568 193 5626 tum
217 5577 285 5622 non
307 5561 348 5621 sit
373 5553 610 5626 mensurabile,
631 5551 686 5614 scd
712 5551 913 5614 mensuraret
965 5549 1089 5613 inlidit‘a
1104 5569 1144 5612 ex
1159 5547 1248 5627 par't‘e
1260 5545 1351 5628 post,
1372 5546 1398 5612 si
1413 5569 1516 5614 aevmn
1531 5552 1571 5613 sit
1584 5556 1684 5613 totum
1700 5553 1747 5612 si·
1805 5605 1810 5617 ,

130 5641 306 5720 quamlibet
321 5635 575 5707 circtdationem,
590 5644 661 5710 qnae
675 5629 771 5694 habet
787 5627 913 5708 princi-
965 5631 1044 5702 mul,
1060 5629 1206 5706 sequitur
1219 5629 1305 5705 quad
1323 5629 1451 5707 aliquod
1472 5635 1614 5706 crsatmi
1628 5630 1680 5704 ,sit
1700 5631 1748 5693 ia-

131 5723 219 5804 pium
234 5723 265 5780 et
277 5717 371 5779 linem
390 5715 592 5791 intempore.
965 5707 1102 5780 linitum,
1116 5708 1148 5768 in
1172 5711 1263 5778 actu;
1280 5707 1370 5784 qipa
1382 5713 1431 5769 est
1451 5709 1657 5788 impossibile.
1677 5710 1749 5772 lton

169 5798 279 5864 Potest
289 5801 398 5862 amen
412 5796 444 5857 et
456 5791 554 5858 mam
570 5789 725 5854 rationem
740 5789 857 5856 babere
873 5807 914 5853 cs
967 5787 1063 5867 igitur
1075 5803 1181 5848 aeeuru
1192 5779 1295 5848 differt
1307 5783 1328 5850 a
1340 5791 1488 5868 tempore.
