4020 6352
266 253 333 314 rna
443 255 450 272 ⁶
742 244 873 308 suune
892 243 1119 303 raeoeoercu
1138 244 1227 302 nans
1246 245 1363 304 rama.
1533 281 1559 292 -.
1831 259 1902 320 4542

265 371 406 434 Danant
423 365 480 450 qut
498 369 648 449 operatur
663 365 700 428 in
712 363 802 429 nodo
814 362 889 428 celle
907 370 937 426 et
952 364 1055 444 perfi-
1104 364 1160 426 tur
1180 360 1327 441 operatio
1343 368 1500 430 creatura
1513 371 1563 432 est
1585 365 1687 436 dlleo
1702 373 1737 436 in
1750 379 1902 446 creatura

265 467 354 511 aare..
1106 446 1275 520 operante,
1291 459 1357 504 non
1377 449 1565 522 potestesse
1588 449 1899 536 simulamenta

304 523 493 607 Respondeo
513 525 682 590 dicendum
705 524 791 606 qudd
814 525 896 588 sicut
921 523 1056 588 intelle-
1105 524 1137 584 et
1149 522 1193 586 ita
1205 521 1295 585 nulla
1309 527 1458 589 creatura
1474 527 1596 605 aliquid
1611 539 1777 610 operatur.

266 611 356 680 ctus,
378 611 414 668 ut
429 605 548 668 dictum
564 607 613 667 est
637 605 697 666 art.
718 621 829 681 praec,
847 607 994 667 movetur
1011 605 1054 666 ab
1144 600 1173 661 3.
1187 601 1355 676 Praeterea,
1369 601 1488 666 iaciens
1498 605 1614 670 dicitnr
1627 629 1697 673 esse
1710 629 1811 677 causa
1822 631 1900 694 ope·

264 687 401 766 objecto,
414 687 445 745 et
455 687 496 747 ab
506 701 544 746 eo
553 683 610 762 qui
620 683 705 744 dedit
715 683 863 746 virtutem
874 683 975 744 intelli
997 700 1054 744 eu·
1104 679 1239 742 rationis
1254 679 1339 756 iacti,
1351 679 1552 759 inquantum
1566 687 1621 750 dat
1635 689 1664 750 ei
1677 689 1813 754 sormam
1834 693 1899 786 qud

264 765 311 837 di;
327 765 372 827 ita
383 765 532 826 voluntas
545 763 742 824 moreturab
755 761 891 842 objecto,
904 701 996 839 quoti
1004 763 1054 824 est
1105 764 1268 852 operatur.
1291 758 1323 821 si
1336 758 1436 840 igitur
1453 761 1539 856 Deus
1555 769 1602 827 eet
1615 783 1714 831 causa
1729 777 1899 848 operatio-

264 843 397 916 honum,
413 846 444 904 et
456 845 496 905 ab
509 860 547 904 eo
559 841 615 920 qui
628 844 742 904 causat
754 840 1050 904 virtutemroleudi.
1104 855 1153 900 ms
1167 855 1277 899 rerum
1286 837 1442 902 laetarum
1453 842 1495 904 ab
1506 858 1589 921 ipso,
1600 844 1663 908 hoc
1677 849 1738 908 erit
1747 849 1782 910 in
1794 867 1897 929 quan-

300 924 407 984 Potest
415 925 522 985 autem
534 922 684 983 voluntas
693 921 817 982 moveri
829 921 911 982 sicut
921 921 961 982 ab
971 919 1054 1000 obje-
1102 919 1173 978 tum
1192 916 1246 979 dat
1272 917 1318 980 eie
1335 917 1487 981 virtutem
1509 925 1675 1001 operandi.
1695 925 1755 988 Sed
1773 927 1836 990 hoc
1849 935 1895 992 eet

263 1002 344 1064 ctod
357 1017 563 1080 quocumque
574 1002 675 1062 bono:
690 1017 754 1060 uon
767 1003 876 1061 autem
888 997 1053 1060 eullicieu-
1103 992 1320 1135 aprincipio,
1344 997 1474 1092 quande
1496 1018 1566 1062 rem
1592 1001 1678 1064 iacit.
1701 1004 1789 1086 Ergo
1810 1008 1895 1070 vide-

263 1084 312 1141 ter
328 1085 359 1142 et
376 1079 548 1143 efficaciter
560 1079 624 1140 nisi
638 1076 657 1142 d
670 1078 738 1140 Deo
752 1098 760 1138 ε
776 1095 841 1139 non
856 1078 942 1139 enim
956 1075 1052 1140 euiti-
1102 1077 1156 1135 tur
1177 1073 1243 1154 qud
1286 1075 1421 1140 ulterius
1442 1094 1506 1140 nou
1522 1086 1675 1158 operetur
1690 1083 1724 1146 in
1747 1087 1895 1151 ereatura

263 1159 386 1222 eleuter
395 1158 517 1240 aliquid
529 1159 770 1237 potestmorere
779 1157 909 1235 aliquod
921 1156 1050 1231 mobile,
1103 1157 1268 1232 operante.

261 1239 324 1300 nisi
337 1238 438 1300 virtus
452 1238 558 1300 activa
572 1235 728 1298 moventis
752 1236 895 1306 excedat,
917 1235 968 1299 vel
984 1237 1052 1298 sal-
1142 1230 1202 1294 Sed
1228 1234 1340 1296 contra
1363 1236 1412 1295 eet
1440 1235 1528 1313 quod
1553 1235 1670 1300 dicitur
1686 1241 1730 1302 ls.
1753 1240 1813 1316 26,
1830 1243 1892 1306 12:

261 1322 325 1378 tem
335 1317 479 1396 adaequet
492 1317 643 1378 virtutem
654 1315 816 1393 passivam
827 1314 964 1375 mobilis.
978 1313 1052 1376 Vir·
1102 1309 1215 1402 Omnia
1240 1329 1335 1392 opere
1360 1319 1472 1375 neutra
1500 1325 1645 1396 operatae
1669 1337 1699 1380 ee
1725 1319 1763 1382 in
1787 1321 1894 1394 ηοῠίε.

261 1400 312 1458 tus
323 1400 431 1458 autem
453 1397 583 1473 passiva
602 1393 776 1456 voluntatis
794 1411 830 1456 se
848 1391 992 1456 extendit
1010 1393 1050 1455 ad
1100 1389 1243 1451 Domana

261 1475 382 1536 bonum
396 1476 430 1536 in
442 1473 638 1544 universali;
654 1478 703 1534 est
712 1473 797 1534 enim
809 1471 878 1534 e'us
891 1472 1049 1551 objectum
1103 1545 1111 1562 .
1141 1468 1330 1548 Respondeo
1347 1468 1516 1535 dicendum
1532 1473 1618 1554 quod
1638 1475 1742 1538 Deum
1765 1479 1894 1558 operari

261 1553 382 1615 bonum
394 1554 590 1626 universale,
605 1554 689 1615 sicut
708 1555 740 1614 et
759 1553 823 1613 inte
837 1549 937 1614 lectds
959 1550 1051 1630 obje-
1101 1564 1135 1608 ru
1149 1548 1293 1626 quolibet
1303 1553 1456 1627 operante
1468 1551 1568 1630 aliqui
1584 1555 1631 1617 sic
1648 1555 1890 1633 intellexerunt,

131 1679 136 1688 ,
261 1635 347 1693 ctum
362 1637 410 1696 est
423 1650 479 1694 ens
492 1632 685 1695 universale.
695 1631 864 1705 Quodlibet
872 1633 980 1693 autern
994 1631 1050 1690 bo·
1101 1624 1189 1704 qudd
1205 1627 1294 1690 nulla
1317 1628 1418 1690 virtus
1438 1635 1546 1694 ereata
1564 1633 1687 1712 aliquid
1704 1643 1896 1714 operaretur

261 1727 339 1770 num
363 1715 506 1774 creatum
527 1715 575 1774 est
597 1703 757 1790 quoddam
774 1709 969 1788 particulare
990 1709 1052 1770 bo-
1100 1703 1136 1764 in
1149 1705 1257 1779 rebus,
1281 1707 1336 1768 sed
1364 1708 1453 1770 solus
1478 1708 1564 1772 lleus
1586 1712 1767 1775 immediate
1787 1717 1896 1781 omnia

261 1788 1048 1863 nun13solusautemlleusesthonumunirereale.
1101 1790 1305 1861 operaretur;
1327 1789 1404 1865 puta
1427 1786 1512 1865 quod
1540 1790 1622 1870 ignis
1651 1807 1716 1852 nou
1735 1793 1894 1858 calciace-

142 1877 146 1888 ·
260 1867 530 1948 lludeipsesolus
554 1869 664 1947 implet
677 1868 886 1939 voluntatem,
907 1870 939 1929 et
962 1865 1051 1928 suffi-
1100 1866 1161 1935 ret,
1175 1864 1230 1925 sed
1243 1865 1375 1928 Deus'in
1386 1865 1521 1946 igne3et
1532 1870 1679 1934 similiter
1690 1870 1729 1934 de
1742 1874 1893 1938 omuibus

260 1947 382 2009 cienter
391 1964 463 2012 eam
474 1951 581 2012 movet
597 1951 634 2010 ut
645 1947 816 2028 objectum.
830 1945 980 2007 Similiter
992 1963 1050 2008 au·
1101 1941 1185 2004 aliis.

262 2031 324 2088 tem
339 2031 370 2088 et
384 2027 483 2090 virtus
504 2027 629 2090 volendi
653 2024 673 2089 a
700 2025 770 2088 solo
792 2025 858 2086 Deo
885 2028 1048 2087 causatur.
1140 2021 1209 2084 lloc
1225 2025 1333 2086 autem
1351 2026 1401 2086 est
1417 2024 1627 2104 impossibile.
1642 2027 1750 2092 Primd
1764 2031 1895 2110 quidem

260 2104 350 2168 Velle
370 2107 456 2167 enim
480 2107 561 2168 nihil
588 2105 675 2168 aliud
694 2108 742 2166 est
760 2101 860 2182 quam
884 2103 1049 2167 inclinatio
1101 2099 1179 2178 quia
1199 2101 1246 2164 sic
1264 2103 1511 2166 subtraheretur
1532 2105 1612 2166 ordo
1633 2124 1739 2170 cause
1758 2113 1792 2171 et
1816 2128 1898 2174 cau-

233 2257 237 2262 *
260 2185 405 2261 quaedam
417 2185 450 2245 in
464 2185 624 2264 objectum
637 2182 823 2254 voluntatis,
838 2181 925 2260 quod
936 2183 1051 2243 estbo·
1101 2179 1163 2240 sati
1180 2176 1200 2242 d
1216 2181 1313 2244 rebus
1328 2182 1442 2246 creatis
1455 2203 1465 2259 ς
1478 2183 1564 2262 quod
1582 2186 1721 2264 pertinet
1735 2187 1777 2250 ad
1794 2189 1897 2270 impo-

259 2279 338 2324 num
351 2265 545 2326 universale.
563 2263 724 2324 luclinare
748 2263 855 2322 aulem
874 2259 908 2321 in
929 2261 1051 2322 bonum
1101 2257 1235 2322 tentiam
1249 2261 1400 2322 creantis.
1412 2261 1462 2322 Ex
1477 2263 1593 2324 virtute
1606 2265 1691 2326 enim
1706 2267 1834 2347 agentis
1848 2273 1898 2331 est

259 2341 444 2405 universale
463 2346 511 2403 est
532 2341 627 2419 primi
643 2339 814 2412 moventis,
838 2339 889 2400 cui
908 2355 1051 2417 propor-
1102 2335 1188 2414 quod
1205 2354 1265 2400 suo
1289 2337 1416 2403 ellectui
1429 2339 1483 2403 det
1509 2343 1661 2405 virtutem
1686 2345 1815 2425 agendi.
1844 2347 1899 2410 Se·

259 2417 403 2482 tionatur
430 2421 562 2482 ultimus
592 2418 684 2492 linis3
709 2419 792 2480 sicut
816 2416 850 2478 in
871 2419 968 2479 rebus
982 2416 1051 2478 hu·
1102 2415 1442 2495 cunddquiavirtutes
1458 2421 1632 2499 operativae
1646 2439 1720 2500 que
1740 2425 1775 2484 in
1797 2427 1897 2489 rebus

259 2498 363 2560 manis
373 2498 510 2580 dirigere
527 2499 568 2562 ad
585 2499 706 2561 bonum
726 2511 895 2559 commune
912 2499 961 2558 est
980 2495 1049 2574 ejus
1103 2493 1326 2572 inveniuntur,
1346 2497 1465 2562 trustra
1480 2503 1588 2562 essent
1599 2500 1697 2563 rebus
1712 2503 1896 2582 attribute,

258 2577 316 2654 qui
330 2583 446 2654 praest
457 2577 665 2640 multitudini.
682 2576 771 2639 Unde
797 2578 936 2653 utroque
956 2575 1051 2636 modo
1102 2573 1129 2635 ci
1145 2590 1203 2652 per
1217 2591 1271 2636 eas
1294 2576 1375 2636 nihil
1398 2581 1629 2657 operarentur3
1644 2580 1809 2658 quinimo,
1824 2601 1901 2644 om-

259 2657 427 2734 proprium
453 2659 502 2718 est
526 2655 584 2720 Dei
611 2671 741 2717 movere
760 2654 976 2726 voluntatem,
996 2651 1052 2715 sed
1102 2669 1159 2713 nes
1172 2670 1223 2714 res
1239 2660 1354 2718 creata
1366 2656 1552 2718 viderentur
1570 2657 1808 2736 quodammodo
1825 2681 1898 2726 ease

258 2734 399 2798 maxime
415 2735 557 2799 necundo
581 2734 678 2796 modo
702 2729 837 2796 interim
858 2749 930 2796 eam
951 2731 1052 2794 incli-
1101 2729 1233 2805 frustra,
1246 2731 1273 2793 si
1281 2733 1413 2812 propria
1425 2737 1612 2814 operatione
1623 2736 1898 2816 destituerentur3

259 2815 378 2877 nando.
1102 2808 1176 2871 cium
1191 2826 1303 2874 omues
1318 2829 1369 2876 res
1382 2813 1446 2875 sint
1464 2818 1596 2906 propter
1618 2832 1711 2878 suam
1735 2821 1901 2898 operatio·

298 2893 345 2954 Ad
360 2895 587 2973 primumergo
597 2890 765 2953 dicendum
775 2888 861 2970 qndd
873 2888 953 2952 illud
965 2889 1051 2969 quod
1103 2905 1189 2950 nem.
1212 2887 1344 2970 Semper
1363 2892 1448 2954 euim
1464 2893 1685 2972 rmperl'ectum
1699 2897 1749 2957 est
1764 2904 1901 2977 propter

258 2977 407 3034 movetur
423 2974 464 3034 ab
479 2972 592 3046 altero,
609 2970 725 3032 dicitur
738 2969 821 3049 cogi,
836 2969 864 3031 ei
883 2972 1052 3032 moveatur
1102 2967 1285 3045 perfectius.
1305 2969 1393 3032 Sicut
1415 2971 1513 3051 igitur
1537 2973 1673 3036 materia
1695 2979 1745 3036 est
1766 2981 1902 3056 propter
1984 2977 1985 3000 ³

260 3053 372 3114 contra
392 3051 635 3112 inclinationem
658 3048 908 3128 proprianueed
931 3049 959 3109 εἰ
982 3065 1052 3108 mo·
1104 3045 1251 3120 formam,
1267 3047 1437 3125 italorma,
1450 3055 1583 3144 quaeest
1595 3057 1684 3114 actus
1699 3055 1836 3133 primus,
1849 3062 1898 3119 est
1984 3089 1985 3113 r

258 3133 373 3192 veatur
384 3131 425 3191 ab
441 3129 505 3191 alio
520 3128 607 3207 quod
626 3127 688 3206 ipsi
702 3127 755 3190 dat
775 3127 940 3220 propriam
957 3125 1052 3188 incli-
1102 3131 1335 3204 proptersuam
1348 3134 1582 3208 operationem,
1616 3147 1666 3194 ua
1678 3137 1727 3194 est
1741 3139 1834 3197 actus
1850 3155 1900 3198 se·

257 3209 435 3281 nationem,
450 3225 514 3270 non
530 3208 647 3271 dicitur
660 3207 743 3284 cogi,
756 3208 839 3268 sicut
852 3222 963 3285 grave,
978 3202 1052 3266 edm
1103 3203 1242 3280 cundum
1268 3211 1299 3266 et
1315 3207 1363 3270 sio
1377 3209 1522 3287 operatio
1537 3212 1586 3271 eet
1629 3210 1678 3273 uis
1699 3213 1747 3273 rei
1770 3219 1898 3278 creatae.

257 3283 563 3349 moveturdeorsiam
582 3282 804 3366 agenerante,
827 3301 893 3345 non
912 3283 1049 3363 cogitur.
1103 3281 1154 3344 Sic
1166 3283 1264 3362 igitur
1282 3285 1525 3367 intelligendum
1537 3293 1587 3350 est
1602 3288 1705 3352 Deum
1717 3293 1848 3369 operari
1864 3295 1898 3357 in

258 3363 421 3448 sicigitur
435 3367 521 3428 Deus
534 3363 691 3427 movendo
705 3363 904 3425 voluntatem
916 3379 982 3423 nou
994 3380 1052 3424 co-
1102 3363 1212 3439 rebus,
1223 3362 1309 3442 quod
1317 3367 1424 3428 tamen
1437 3365 1515 3446 ipsa
1523 3385 1575 3430 res
1585 3367 1750 3450 propriam
1757 3370 1900 3437 habeant

259 3445 305 3524 git
318 3444 442 3523 ipsam,
456 3445 534 3525 quia
548 3443 602 3508 dat
614 3445 643 3506 ei
656 3442 726 3524 ejus
738 3441 903 3522 propriam
911 3439 1052 3504 inclina·
1102 3442 1335 3520 operationem.

259 3524 390 3586 tionem.
1142 3521 1307 3602 ancujus
1334 3523 1525 3586 evidentiam
1551 3527 1820 3592 considerandum
1848 3537 1899 3594 est

299 3602 346 3664 Ad
360 3602 536 3665 secuudum
555 3601 722 3664 dicendum
743 3597 829 3738 ssubd
851 3599 973 3661 moveri
995 3617 1051 3662 ro·
1102 3597 1189 3676 qudd
1212 3597 1285 3662 cium
1308 3601 1374 3663 sint
1391 3619 1564 3665 causarum
1590 3610 1733 3684 quatuor
1756 3627 1897 3687 genera,

258 3678 398 3742 luntarid
411 3685 459 3742 est
471 3682 595 3742 moveri
607 3698 650 3741 ex
670 3679 743 3752 se,i
779 3675 871 3752 est,d
891 3677 1050 3755 principio
1101 3678 1232 3740 materia
1245 3696 1311 3740 non
1330 3682 1378 3742 est
1394 3682 1589 3762 principium
1611 3685 1758 3762 actionis,
1781 3688 1838 3748 sed
1862 3709 1898 3752 se

259 3759 451 3833 intrinsec03
469 3759 522 3821 sed
541 3758 621 3820 illud
633 3757 825 3838 principium
838 3756 1051 3818 intrinsecum
1102 3753 1254 3818 habetat
1274 3759 1452 3839 subjectum
1472 3762 1631 3840 recipiens
1656 3766 1790 3826 actionis
1813 3767 1898 3830 elie-

258 3841 364 3916 potest
378 3855 449 3901 esse
461 3838 575 3901 ahalio
587 3836 746 3916 principio
757 3834 952 3907 extrinseco,
965 3836 1051 3898 etsic
1102 3839 1207 3904 ctum;
1222 3837 1295 3917 finis
1307 3838 1396 3913 vero,
1412 3842 1444 3902 et
1456 3858 1550 3920 agens
1568 3845 1599 3902 et
1609 3843 1711 3924 [orme
1722 3863 1757 3906 se
1775 3845 1899 3909 habent

258 3919 381 4058 :aculem
393 3936 436 3980 ex
449 3934 485 3979 sc
498 3934 564 3979 uon
576 3918 736 4000 repugnat
749 3914 778 3977 ei
793 3907 880 3994 quod
900 3919 1051 3978 movetur
1100 3915 1593 4061 §taffitipiqi'eupginffipgpnm3rized
1616 3922 1728 4014 ordine
1735 3923 1900 4068 tquodami

314 4013 333 4058 ἃ
347 4013 390 4057 ¹⁰·
1564 4017 1591 4060 cr
1616 4019 1682 4062 rum
1696 4017 1734 4063 ac
1749 4018 1832 4065 roura

298 4075 345 4136 ad
359 4076 490 4138 tertium
502 4073 671 4140 dicendum
687 4071 814 4152 quodsi
835 4071 985 4133 voluntas
1004 4073 1050 4136 ita
1102 4012 1276 4152 finis‚pqui
1308 4014 1417 4137 micet
1440 4016 1615 4156 aginam?
1636 4079 1777 4145 secundo
1818 4024 1897 4147 venio

257 4161 442 4218 moveretur
452 4155 493 4218 ab
504 4155 569 4217 alio
581 4153 666 4233 qudd
681 4170 722 4213 ex
737 4169 772 4213 se
784 4146 968 4213 nullatende
981 4168 1050 4212 mo·
1101 4167 1220 4232 agens;
1250 4152 1344 4215 tertio
1373 4157 1482 4216 autem
1513 4154 1616 4219 lorma
1641 4159 1710 4239 eius
1736 4161 1822 4238 quod
1855 4165 1897 4227 ab

257 4237 398 4308 veretur,
413 4249 513 4312 opera
532 4232 709 4294 voluntatis
728 4246 794 4292 nou
812 4229 1050 4308 imputarentur
1101 4232 1217 4309 agente
1234 4231 1416 4310 applicatur
1437 4233 1476 4295 ad
1502 4234 1676 4313 agendun13
1696 4240 1845 4317 quamvis
1866 4247 1898 4304 et
1983 4263 1984 4310 i

257 4311 297 4372 ad
313 4313 462 4372 meritum
474 4313 526 4374 vel
543 4311 749 4383 demeritum,
763 4308 819 4371 aed
830 4309 908 4385 quia
919 4325 977 4386 per
987 4309 1049 4372 hoc
1100 4307 1207 4387 ipsum
1222 4326 1321 4390 agene
1334 4329 1392 4390 per
1404 4311 1537 4375 formam
1548 4330 1640 4376 suam
1655 4321 1741 4397 agat,
1759 4322 1796 4379 ut
1808 4324 1897 4399 patet
1983 4311 1984 4339 ¹

257 4389 344 4468 quod
357 4391 558 4452 moreturab
580 4390 657 4462 alio,
680 4404 745 4449 non
766 4386 947 4450 excluditur
968 4388 1048 4465 quin
1101 4388 1135 4449 in
1158 4387 1390 4452 artificialibus.
1421 4390 1545 4453 Artifex
1566 4393 1652 4456 enim
1677 4403 1828 4460 movetur
1855 4400 1896 4464 ad

258 4473 476 4530 moveaturex
486 4466 704 4541 se,utdictum
714 4468 764 4527 est
778 4465 812 4525 in
823 4465 919 4528 solut.
937 4483 1046 4544 proc,
1101 4466 1261 4546 agendum
1273 4465 1299 4532 'a
1315 4467 1397 4543 tine,
1420 4469 1477 4548 qui
1503 4473 1553 4532 est
1577 4471 1684 4551 ipsum
1704 4482 1896 4554 operatum,

257 4546 329 4609 ided
340 4565 399 4625 per
416 4563 616 4626 consequens
632 4563 698 4609 uon
712 4543 835 4606 tollitur
847 4543 931 4606 ratio
942 4546 1048 4607 meriti
1100 4549 1180 4625 puta
1194 4562 1288 4621 arca,
1306 4546 1357 4611 vel
1375 4547 1496 4622 lectus3
1510 4553 1541 4611 et
1564 4551 1704 4630 applicat
1730 4555 1770 4616 ad
1792 4558 1897 4620 actio-

257 4627 309 4688 vel
319 4627 475 4690 demeriti.
1099 4643 1175 4686 nem
1190 4625 1340 4700 securim,
1356 4643 1429 4705 qua
1443 4627 1553 4689 incidit
1564 4647 1621 4709 per
1635 4648 1730 4692 suum
1745 4649 1892 4698 acumen.

257 4706 438 4771 Anniculus
462 4724 493 4768 v.
518 4737 557 4750 -
584 4703 697 4768 Utrdn
721 4703 805 4764 aaa
834 4709 978 4782 operetur
1013 4703 1049 4765 in
1101 4701 1152 4766 Sic
1165 4703 1264 4783 igitur
1277 4699 1453 4768 secuudum
1464 4706 1533 4770 hoc
1546 4707 1609 4770 tria
1620 4707 1706 4772 Deus
1733 4711 1768 4774 in
1782 4715 1893 4792 quoli-

297 4787 382 4927 tlt
395 4791 553 4945 titt·
568 4817 608 4924 ξῑ
618 4783 769 4943 m
791 4799 859 4940 tt,
875 4780 1045 4942 latit
1100 4782 1892 4933 ltlttttlatldltlltltlltlttl·

296 4910 432 5025 2t1t't.)
536 4907 545 4938 ⁹
771 4905 779 4936 ’
945 4905 955 4936 ’
1100 4941 1185 5003 ratio
1202 4941 1314 5022 sitpro
1337 4946 1386 5004 ter
1402 4911 1533 5022 aliquod
1554 4946 1675 5009 bonum
1694 4891 1893 5025 verumpveel

295 5022 342 5084 ad
353 5024 502 5101 quintum
514 5021 562 5083 sic
570 5019 764 5099 proceditur.
777 5018 805 5079 l.
817 5019 949 5080 Videtur
1006 5019 1047 5081 dd
1100 5035 1260 5112 apparens
1272 4960 1594 5100 (uiirilautemcstrel
1610 5032 1745 5105 apparet
1758 5031 1891 5108 bonum,

257 5100 342 5163 Deus
356 5118 455 5163 nono
479 5103 587 5164 eretur
604 5099 638 5160 iu
655 5099 742 5161 omni
762 5103 927 5190 operante.
951 5037 1047 5190 §uilla
1101 5117 1164 5191 nisi
1177 5097 1351 5191 secuudum
1365 5100 1452 5192 quod
1463 5103 1633 5182 participat
1645 5105 1789 5184 aliquam
1800 5111 1894 5172 simi·
1982 5121 1983 5170 l

257 5182 342 5244 euim
366 5181 441 5242 insu
478 5179 594 5242 cientia
613 5181 663 5240 est
678 5179 746 5240 Deo
774 5175 988 5239 attribuenda.
1014 5175 1045 5238 Sr
1099 5176 1267 5239 htudrnem
1298 5196 1413 5240 summu
1442 5180 1538 5256 boni,
1568 5182 1654 5261 qnod
1684 5187 1734 5246 est
1767 5187 1890 5270 Deus),
1982 5187 1983 5224 l

255 5260 355 5341 igitur
368 5260 453 5322 Deus
468 5262 621 5336 operatur
634 5258 667 5318 in
682 5256 776 5318 omni
792 5259 961 5334 operante,
981 5254 1047 5316 sul·
1101 5255 1248 5334 sequitur
1260 5256 1366 5335 quodi
1391 5275 1425 5320 se
1438 5260 1524 5322 Deus
1543 5261 1585 5322 sit
1597 5261 1768 5343 cujuslibet
1780 5285 1892 5346 opera·

254 5339 400 5402 ficienter
427 5337 460 5398 in
483 5336 627 5416 quolibet
648 5339 811 5415 operatur.
843 5333 1047 5414 Superssuum
1100 5335 1197 5398 tionis
1211 5352 1309 5399 causa
1322 5275 1456 5400 utfinis.
1470 5338 1890 5410 Secunddconsiderandum
1982 5409 1983 5430 χ

256 5415 549 5498 igituressetqudd
564 5431 664 5495 agens
679 5421 821 5478 creatum
837 5413 960 5494 aliquid
969 5430 1046 5492 ope·
1100 5419 1160 5490 est,
1188 5412 1275 5494 quod
1304 5415 1331 5476 ei
1355 5413 1420 5478 sint
1442 5419 1544 5482 multa
1571 5423 1699 5500 agentia
1725 5425 1888 5502 ordinata,
1959 5425 1967 5447 ¹

255 5504 395 5561 caretur.
1100 5510 1225 5572 semper
1240 5494 1416 5556 secundum
1429 5511 1527 5575 agens
1536 5499 1602 5578 agit
1616 5501 1648 5560 in
1663 5503 1780 5565 virtute
1798 5507 1889 5584 primi

295 5577 325 5636 2.
339 5579 512 5647 Praeterea,
526 5588 594 5636 una
608 5573 753 5652 operatio
771 5588 836 5633 non
853 5573 903 5634 est
915 5570 1045 5635 simula
1100 5589 1118 5634 a
1141 5573 1235 5634 entis.
1250 5573 1330 5636 Nam
1342 5574 1589 5670 primumagens
1599 5587 1705 5642 movet
1715 5585 1890 5648 secundum

256 5653 614 5732 duobueoperantibue.
630 5653 785 5713 sicutnec
804 5666 888 5712 unus
908 5667 1045 5713 numero
1099 5592 1140 5714 ai
1152 5651 1375 5745 agendum;et
1387 5655 1563 5717 seeundum
1575 5657 1636 5719 hoc
1654 5661 1763 5722 omnia
1791 5668 1891 5744 agunt

257 5739 363 5809 motus
375 5737 562 5814 potestesse
578 5730 717 5796 duorum
729 5729 907 5799 mobilium.
926 5729 957 5796 st
988 5729 1046 5808 igi·
1099 5731 1133 5794 iu
1148 5735 1266 5798 virtute
1290 5729 1392 5812 ipsius
1406 5731 1482 5810 llei;
1504 5738 1536 5798 ct
1555 5735 1600 5801 ita
1623 5737 1692 5817 ipse
1716 5744 1767 5803 est
1790 5759 1890 5810 cauea
