3988 6344
292 259 342 324 tlt
796 257 929 316 sudrim
949 252 1412 318 6660606166166666666.
1894 249 1940 308 ns

291 371 634 458 eomparaturrealiter
642 370 683 434 ad
692 370 723 433 id
734 370 821 450 quod
833 371 975 448 procedit
986 371 1078 432 intel·
1131 371 1242 444 latam,
1255 379 1351 450 prout
1363 373 1405 437 ab
1419 372 1459 435 66
1473 370 1581 435 tendit
1598 371 1639 434 iu
1655 371 1820 436 alterum.
1872 377 1940 447 vert

291 457 465 538 ligibiliter,
476 452 619 516 sicutres
631 450 807 530 corporalis
818 449 897 512 adid
909 449 1078 529 quodpro-
1132 451 1350 514 consideretur
1363 452 1476 514 relatio
1486 451 1683 515 secundum
1701 451 1795 530 qubd
1808 457 1941 518 6666661-

290 536 373 601 cedit
386 533 605 612 corporaliter.
619 531 658 591 Et
672 532 718 592 sic
731 531 907 608 paternitas
921 535 951 591 et
965 528 1078 591 tiliatio
1131 528 1221 603 dens,
1243 530 1288 592 sic
1308 536 1355 592 est
1375 531 1541 594 'inherens
1576 530 1752 611 subjecto,
1774 537 1808 594 et
1829 533 1938 599 habens

290 619 366 682 tunt
379 613 549 676 relationes
563 610 667 672 reales
683 609 719 669 in
731 608 858 670 divinis.
1131 625 1202 672 esse
1215 610 1410 672 accidentale
1424 610 1554 690 inipso.

293 697 470 758 horremus
484 709 519 750 n.
533 723 571 733 -
583 686 695 751 Utrclm
704 688 815 749 relatio
824 688 861 748 16
869 687 986 748 Deosit
997 685 1079 749 idem
1170 687 1230 750 Sed
1242 688 1402 750 Gilbertus
1415 690 1622 752 Porretanus
1648 689 1875 756 consideravit
1889 713 1938 757 re-

351 771 414 833 666
424 789 482 831 666
496 768 637 830 essentia.
652 801 690 811 —-
706 766 748 846 (1,
764 766 838 828 dist.
854 765 903 839 33,
919 773 981 828 666.
1001 767 1029 840 1,
1049 773 1078 826 66
1130 765 1283 830 lationem
1296 768 1401 846 primo
1415 769 1509 830 modo
1523 767 1677 831 tantiam.

249 859 253 918 ,ἱ
328 792 495 922 6666616,
504 848 609 909 etPot.
619 841 765 928 666668,
776 854 836 906 666.
847 846 877 919 2,
890 853 918 906 ct
926 844 1033 925 666611.
1045 845 1076 920 6,
1170 847 1329 925 Quidquid
1344 850 1451 908 autem
1463 848 1497 908 in
1511 851 1618 910 rebus
1636 847 1764 910 creatis
1778 848 1874 911 habet
1887 869 1935 912 os-

248 923 253 971 :
329 937 391 992 ort.
403 930 433 1001 1,
452 935 480 988 ct
491 945 542 1006 op.
554 925 584 1000 2,
597 943 665 1005 cup.
676 923 726 996 ba,
738 923 777 984 55
787 933 814 984 et
826 924 875 998 57,
888 932 915 984 et
927 943 1033 1004 opusc.
1045 925 1076 1000 9,
1131 942 1166 987 66
1180 926 1387 999 accidentale,
1400 925 1579 988 secundbm
1591 926 1689 1005 qudd
1703 927 1898 990 transfertur
1907 933 1934 992 in

347 1006 481 1080 scotti,
500 1002 840 1077 6616661616661,
857 1002 942 1084 fine.)
1130 1004 1242 1078 Deum,
1265 1005 1363 1067 habet
1390 1023 1460 1066 esse
1480 1006 1736 1078 substantiale3
1758 1006 1933 1070 616116616

327 1027 374 1150 66
400 1085 575 1148 secundum
598 1083 644 1146 sic
669 1082 861 1160 proceditur.
889 1084 918 1143 1.
941 1083 1075 1144 Videtur
1130 1084 1222 1146 estin
1237 1085 1303 1144 Deo
1316 1088 1351 1145 ut
1365 1083 1510 1146 accidens
1523 1084 1556 1144 in
1575 1084 1760 1164 Ι66616666ς
1778 1085 1931 1164 6666616-

288 1166 374 1248 6666
394 1165 509 1228 6616616
524 1163 558 1226 16
576 1162 643 1222 Deo
666 1176 731 1223 non
753 1161 795 1223 sit
815 1162 898 1223 idem
916 1162 1002 1239 qnod
1017 1178 1077 1226 sua
1130 1161 1271 1239 quidest
1288 1162 1415 1234 inDeo,
1434 1166 1483 1224 ost
1502 1163 1573 1242 ejus
1594 1165 1764 1226 essentia.
1781 1163 1831 1224 Sic
1847 1167 1931 1244 igitur

287 1240 1074 1338 666666661616661666666666666666666166,
1103 1287 1106 1294 .
1129 1257 1172 1301 ex
1185 1240 1225 1303 66
1237 1247 1328 1320 66616
1338 1241 1417 1380 ,666
1429 1241 1544 1334 relatio
1561 1242 1727 1334 inlrebus
1748 1244 1863 1336 creatis
1877 1246 1929 1307 ha-

286 1318 1077 1474 666611.666661666666116
1129 1319 1356 1460 testati.
1368 1321 1928 1464 66661161666666

286 1480 498 1544 diciturenim
510 1476 549 1540 ad
562 1477 695 1556 aliquid,
712 1477 794 1537 sicut
806 1476 947 1554 paterad
961 1475 1073 1540 tilium.
1129 1493 1189 1551 no,
1213 1477 1297 1539 idem
1317 1477 1450 1540 omuino
1471 1479 1500 1539 ei
1521 1479 1692 1540 existens.
1717 1477 1756 1540 ln
1783 1479 1842 1540 boc
1860 1481 1924 1542 verb

286 1560 347 1622 Sed
366 1562 433 1622 666
452 1575 517 1619 666
537 1553 712 1618 secunddm
726 1557 939 1617 substantiam
956 1555 1076 1618 dicun·
1128 1555 1214 1633 quod
1226 1555 1266 1620 ad
1280 1555 1322 1618 ali
1347 1557 1402 1617 uid
1414 1556 1540 1631 dicitur,
1555 1575 1630 1619 non
1653 1557 1860 1638 significatur
1873 1560 1925 1620 ali-

285 1642 350 1701 tur.
363 1641 450 1718 Ergo
463 1636 578 1697 relatio
595 1651 660 1696 non
677 1637 725 1695 est
738 1635 847 1698 divina
864 1636 1013 1698 essentia.
1127 1651 1194 1711 qua
1214 1575 1366 1698 66616666
1387 1636 1427 1698 66
1449 1637 1649 1710 essentiam,
1684 1634 1744 1698 666
1774 1638 1870 1716 magis
1889 1639 1920 1700 66

325 1717 355 1779 2.
375 1719 542 1788 Praeterea,
558 1713 757 1794 Augustinus
772 1712 856 1787 dicit,
872 1715 891 1774 '1
905 1713 944 1774 de
959 1715 1072 1777 Trinit.
1127 1729 1222 1788 suum
1232 1714 1425 1794 oppositum.
1439 1715 1478 1776 lit
1491 1717 1538 1778 sic
1552 1715 1777 1778 manifestum
1791 1723 1837 1776 est
1848 1717 1920 1794 qudd

285 1813 356 1876 666.
373 1797 402 1872 1,
418 1793 439 1858 a
453 1794 556 1856 med:
573 1792 681 1855 Omnis
702 1809 751 1852 res
764 1811 831 1874 666
847 1792 975 1854 relativi
987 1792 1076 1856 61161-
1126 1793 1240 1854 relatio
1261 1794 1391 1856 realiter
1409 1794 1550 1856 existens
1566 1795 1605 1856 in
1621 1795 1696 1856 Deo
1712 1798 1764 1856 est
1779 1794 1858 1855 idem
1872 1813 1918 1856 cs-

286 1871 1075 1951 666,66666166661166666666666616666661666
1127 1872 1238 1934 sentiro
1259 1868 1434 1934 secundum
1457 1890 1543 1948 rem,
1574 1878 1610 1936 et
1636 1889 1707 1934 non
1737 1871 1916 1935 6166666161

281 1953 372 2034 ¹bomo
385 1953 540 2019 66661666,
555 1889 683 2012 etqhomo
699 1968 816 2011 serves.
833 1949 864 2011 Si
879 1950 978 2030 igitur
991 1953 1074 2014 rela·
1127 1948 1826 2031 secundumintelligentiaerationem,prout
1839 1953 1917 2013 inre

285 2029 1073 2110 666666116666666116116666666616666161166
1126 2027 1245 2091 latione
1258 2031 1449 2108 importatur
1463 2037 1635 2110 respectus
1652 2031 1696 2093 ad
1713 2049 1810 2093 suum
1827 2049 1915 2110 oppo-

284 2111 406 2191 aliquid
418 2108 504 2173 aliud
519 2111 634 2186 6666666
646 2107 831 2169 relationes.
848 2107 907 2168 Sed
917 2108 1073 2171 66661166
1127 2107 1234 2188 situm,
1249 2110 1385 2186 661666
1401 2109 1597 2188 importatur
1614 2111 1652 2171 in
1668 2111 1804 2171 nominc
1818 2127 1915 2172 essen-

282 2207 350 2251 non
393 2193 475 2250 otest
496 2205 567 2250 esse
588 2186 651 2247 nisi
666 2186 816 2249 essentia.
832 2186 917 2266 Ergo
934 2189 1074 2253 essentia
1125 2186 1187 2248 66.
1212 2190 1301 2249 Ρ6666
1321 2205 1397 2268 ergo
1419 2187 1505 2266 qubd
1525 2190 1559 2250 in
1582 2191 1656 2250 Deo
1680 2205 1750 2250 non
1772 2187 1911 2250 66661166

285 2272 335 2332 est
349 2208 436 2331 6666
450 2265 469 2331 d
485 2265 706 2328 relationibus.
1126 2282 1196 2327 esso
1210 2267 1374 2328 relationis
1387 2270 1419 2328 et
1432 2267 1592 2343 essentiae,
1603 2265 1664 2330 sed
1675 2285 1781 2328 unum
1792 2271 1822 2328 ct
1831 2267 1908 2328 idem.

322 2345 353 2408 6.
365 2349 534 2418 Ρ6666666,
544 2363 614 2406 6666
623 2343 747 2405 relativi
758 2346 806 2405 est
816 2343 855 2407 ad
868 2344 955 2406 aliud
968 2361 1002 2408 se
1014 2345 1073 2409 ha·
1165 2344 1212 2405 66
1226 2347 1365 2423 primum
1379 2362 1455 2425 ergo
1470 2345 1647 2408 dicendum
1661 2346 1753 2425 qubd
1765 2347 1856 2406 verba
1866 2345 1909 2405 illa

282 2425 371 2500 bere,
387 2431 423 2487 ut
438 2424 597 2487 diciturin
607 2422 874 2495 Praedicamentis,
890 2423 923 2483 16
938 2440 1008 2503 666.
1024 2425 1074 2487 Ad
1124 2421 1296 2503 Augustini
1311 2440 1376 2485 non
1389 2425 1551 2504 pertinent
1570 2425 1614 2488 ad
1630 2426 1697 2486 hoc
1709 2423 1796 2504 qubd
1811 2425 1909 2502 66666-

283 2505 416 2586 6116616.
432 2504 463 2566 Si
472 2501 699 2584 igiturrelatio
712 2501 752 2562 sit
766 2501 952 2580 ipsadivina
964 2521 1073 2566 essen·
1125 2503 1220 2576 nitas,
1238 2505 1288 2566 sel
1303 2504 1367 2566 alia
1377 2503 1502 2578 relatio,
1517 2507 1656 2582 quaeest
1671 2505 1706 2564 in
1727 2504 1794 2564 Deo
1808 2520 1907 2564 secun-

282 2587 339 2658 tia,
355 2584 501 2663 sequitur
514 2580 599 2660 qubd
613 2597 684 2642 csse
698 2579 814 2643 divinae
827 2582 973 2644 66666666
983 2583 1073 2646 61666
1124 2578 1280 2644 dimerse
1293 2599 1400 2654 suum,
1416 2599 1481 2643 non
1493 2583 1535 2644 sit
1547 2582 1636 2644 idem
1650 2583 1742 2661 qnod
1754 2581 1855 2643 divina
1865 2597 1906 2642 es·

282 2663 370 2725 aliud
391 2681 426 2725 se
447 2662 584 2734 babere3
607 2659 693 2738 quod
713 2665 872 2740 repugnat
884 2660 1072 2739 perfectioni
1124 2661 1245 2734 sentia;
1266 2661 1321 2723 sed
1341 2659 1427 2739 qubd
1443 2677 1509 2722 non
1525 2662 1730 2740 preadicatur
1749 2657 1904 2722 66666666

283 2741 383 2803 616161
412 2759 493 2814 6666,
516 2739 602 2819 6666
621 2743 669 2800 661
690 2737 829 2800 maxime
845 2739 1027 2802 absolutum
1041 2743 1073 2803 et
1123 2738 1252 2800 modum
1266 2741 1463 2812 substantie,
1477 2743 1514 2801 ut
1529 2741 1680 2803 existens
1699 2741 1734 2800 in
1751 2755 1788 2799 eo
1802 2739 1837 2799 de
1851 2752 1904 2814 quo

304 2839 340 2882 er
354 2839 389 2882 se
403 2820 591 2892 subsistens,
602 2822 638 2878 61
650 2834 748 2896 66666
763 2822 928 2880 ostensum
942 2822 1002 2894 est,
1013 2838 1068 2898 qu.
1123 2815 1250 2892 dicitur,
1262 2819 1317 2882 666
1328 2822 1365 2879 66
1374 2819 1413 2893 ad
1427 2819 1564 2880 alterum
1580 2837 1618 2881 se
1632 2820 1771 2882 habens.
1784 2817 1827 2892 *Et
1837 2833 1901 2894 pro-

282 2837 727 3060 ἒς6666666666
839 2896 937 2976 666
1122 2895 1901 3056 atletelinistishalmeensis:

695 3019 702 3036 ·
983 3013 985 3020 ’
1411 3021 1419 3050 s

272 3079 274 3084 ’
321 3057 380 3120 Sed
398 3060 520 3130 contra,
534 3054 638 3116 omnis
652 3072 704 3116 res
743 3070 792 3116 666
808 3070 874 3114 666
897 3058 945 3116 661
962 3054 1071 3122 616166
1122 3059 1251 3132 portant
1270 3055 1489 3118 habitudinem
1503 3054 1542 3118 66
1557 3055 1590 3115 16
1607 3057 1649 3117 66
1689 3072 1734 3116 66
1755 3054 1896 3118 dicuutur,

282 3135 433 3209 6666666,
460 3139 507 3198 666
536 3137 694 3196 66666666.
720 3071 779 3194 666
803 3133 917 3196 relatio
942 3136 1071 3198 realiter
1122 3136 1188 3195 tam
1206 3133 1381 3196 secundirm
1399 3151 1494 3196 suum
1519 3149 1608 3207 6666,
1626 3153 1673 3212 66
1742 3124 1895 3194 secundino

282 3215 432 3293 competit
443 3214 521 3274 Deo.
538 3213 568 3273 Si
579 3229 656 3291 ergo
667 3216 787 3274 nonest
796 3212 904 3276 divina
917 3215 1068 3290 essentia,
1121 3213 1243 3305 proprii
1258 3214 1384 3294 generis
1399 3213 1568 3276 rationem.
1592 3214 1682 3274 Nihil
1704 3217 1807 3273 autem
1825 3203 1895 3296 quod

281 3295 342 3356 erit
356 3299 522 3363 creaturas
547 3290 636 3352 etita
651 3291 679 3352 ei
695 3307 760 3350 non
781 3291 841 3352 erit
860 3291 1004 3354 adoratio
1019 3294 1070 3356 la·
1121 3295 1171 3353 est
1184 3309 1217 3352 66
1235 3293 1303 3354 Deo
1329 3296 1434 3372 potest
1450 3293 1570 3355 habere
1591 3291 1812 3354 habitudinem
1827 3285 1860 3346 ad
1869 3282 1894 3373 66

262 3415 264 3422 ι
281 3373 351 3434 trice
371 3369 563 3442 exhibenda,
586 3371 698 3430 contra
720 3368 804 3447 quod
826 3371 860 3430 in
881 3370 1070 3434 Prolatione
1121 3369 1309 3448 16666661,
1325 3372 1424 3433 velde
1440 3370 1653 3449 6666161666,
1670 3363 1893 3432 616166616666-

270 3455 430 3514 ’66666166
445 3468 453 3508 :
469 3449 517 3509 Et
529 3445 718 3528 1666666616
730 3445 921 3527 6666666666,
935 3457 964 3510 66
975 3449 1012 3512 io
1024 3469 1069 3512 cs-
1121 3465 1195 3510 nem
1209 3450 1383 3513 identitatis
1397 3453 1528 3529 propter
1541 3466 1705 3513 summam
1715 3446 1772 3509 Dei
1786 3441 1892 3522 simpli·

281 3529 381 3590 sentiet
400 3527 518 3595 unitas,
537 3533 565 3587 ct
583 3526 786 3606 inmojestate
797 3527 946 3590 odoretur
961 3547 1070 3610 6666-
1120 3528 1259 3592 citatem.
1281 3533 1283 3538 ’

281 3607 366 3670 litos.
1159 3609 1207 3669 66
1223 3607 1397 3670 secundum
1409 3607 1578 3671 dicendum
1607 3605 1696 3686 6666
1711 3606 1790 3668 61666
1801 3602 1830 3662 16
1845 3615 1889 3660 re·

320 3687 380 3748 lies
405 3681 506 3746 ondeo
520 3682 688 3746 dicendum
703 3684 788 3762 6666
803 3684 888 3748 circa
909 3685 971 3750 hoc
982 3685 1068 3750 dici-
1119 3686 1179 3748 bus
1193 3689 1321 3760 creatis,
1335 3687 1369 3748 in
1383 3687 1439 3749 illo
1452 3686 1538 3766 quod
1552 3688 1671 3749 dicitur
1684 3679 1822 3752 6616666,
1836 3691 1888 3738 non
1961 3693 1962 3698 ’

281 3769 334 3827 166
348 3703 507 3828 66666166
530 3765 723 3825 Porretanus
743 3761 884 3836 errasse3
901 3763 956 3826 sed
971 3783 1068 3828 erro-
1119 3763 1223 3826 soldm
1233 3769 1282 3828 est
1294 3765 1439 3828 invenire
1452 3770 1635 3844 respectum
1643 3765 1683 3828 ad
1696 3752 1885 3828 alterumsed
1901 3823 1904 3832 ,

280 3862 348 3907 rem
363 3861 456 3906 suum
473 3839 674 3922 postmoddm
688 3841 721 3902 in
742 3843 912 3904 llhemensi
931 3846 1066 3907 concilio
1118 3843 1215 3906 ctiam
1232 3845 1354 3925 aliquid
1372 3845 1566 3920 absolutum,
1589 3846 1636 3906 ita
1652 3829 1885 3928 6616666666

279 3923 462 3986 revocasse.
478 3923 565 3984 Dixit
581 3921 666 3982 enirn
689 3920 774 3999 qubd
788 3921 960 3984 relationes
975 3923 1067 3986 indi·
1118 3924 1225 3984 tamen
1238 3923 1342 3997 aliter,
1352 3929 1384 3986 ct
1396 3923 1500 3985 aliter.
1513 3923 1593 3986 Nam
1607 3923 1640 3984 id
1650 3919 1735 4000 quod
1745 3916 1885 4001 invenitur

280 4001 363 4068 vinis
372 4006 447 4069 sunt
454 4001 651 4073 assistentes,
661 4001 727 4062 sive
736 3997 937 4062 extrinsecus
949 4000 1063 4066 atlixae.
1118 4000 1151 4062 in
1165 4000 1313 4064 66666666
1326 4005 1441 4081 praeter
1452 4003 1483 4063 id
1496 3999 1583 4080 quod
1595 4001 1777 4064 continetur
1787 3993 1840 4056 sub
1850 4005 1884 4080 s}-

265 4082 274 4140 ’1
319 4081 365 4143 66
388 4080 480 4161 cujus
503 4078 705 4153 evidentiam,
721 4078 997 4147 xconsiderandum
1018 4086 1066 4144 est
1116 4080 1322 4219 gnificatione
1335 4081 1473 4142 nominis
1487 4080 1632 4155 relativi,
1649 4083 1697 4142 est
1710 4077 1772 4139 ulia
1784 4088 1844 4140 rest
1855 4081 1881 4126 ¹ss

279 4159 414 4238 666616
428 4158 571 4239 66611666
590 4174 706 4219 novem
721 4174 875 4236 generum
894 4158 1064 4223 accidentis
1145 4176 1183 4220 eo
1197 4164 1304 4222 autom
1325 4177 1393 4220 non
1412 4166 1461 4222 est
1474 4160 1539 4222 alia
1553 4179 1623 4234 res,
1643 4157 1698 4220 sod
1718 4169 1781 4216 una
1794 4153 1820 4240 66
1832 4161 1880 4235 66-

279 4244 328 4301 666
341 4238 404 4300 666
418 4238 631 4300 considerare.
645 4235 789 4310 Quorum
802 4253 904 4298 unum
921 4242 1063 4313 6666666,
1117 4237 1204 4312 dem3
1219 4255 1292 4317 quae
1304 4255 1369 4299 non
1383 4236 1520 4317 66616666
1532 4237 1725 4318 exprimitur
1737 4230 1879 4315 relabens

279 4316 365 4396 quod
376 4318 524 4396 competit
534 4315 710 4393 unicuique
723 4314 866 4392 ipsorum
889 4313 1064 4378 secunddm
1117 4317 1247 4378 nomine
1260 4317 1354 4395 quasi
1368 4320 1428 4379 sub
1442 4316 1676 4396 significatione
1685 4313 1753 4374 talis
1762 4317 1877 4369 nomino

281 4395 369 4475 6666
395 4401 442 4459 666
467 4396 633 4467 66616666;
659 4397 693 4486 et
715 4393 775 4454 hoc
797 4395 1010 4485 communiter
1030 4397 1063 4457 in
1116 4396 1357 4474 comprehensa.
1366 4395 1492 4458 Dictum
1505 4399 1553 4457 est
1565 4396 1651 4456 euim
1662 4405 1766 4470 supra,
1778 4377 1876 4523 66616

278 4475 427 4537 omnibus
442 4479 491 4537 est
504 4475 609 4538 inesse
624 4473 778 4550 subjecto,
792 4472 962 4533 accidentis
977 4475 1063 4535 enim
1115 4491 1174 4552 per
1186 4477 1297 4546 totam,
1314 4478 1345 4551 66
1358 4479 1419 4535 666.
1433 4473 1453 4534 2
1466 4473 1637 4554 praecipue,
1648 4470 1719 4534 edm
1734 4468 1769 4529 de
1800 4472 1875 4546 16666

278 4559 402 4616 esseest
415 4551 644 4623 1666666666,
658 4549 743 4627 6666
756 4553 859 4627 666661
869 4550 1062 4614 considerari
1115 4552 1299 4614 nominibus
1315 4555 1480 4645 agebatur,
1491 4553 1576 4631 qubd
1589 4554 1661 4631 plus
1677 4545 1840 4637 continetur
1848 4549 1874 4592 66

277 4633 312 4693 in
325 4649 534 4712 unoquoque,
550 4635 598 4691 est
611 4626 740 4708 6666616
753 4629 835 4689 66616
849 4628 1063 4710 uuiuscujus-
1115 4631 1596 4710 666166666666616666666666
1610 4627 1706 4708 66666
1720 4625 1875 4708 66661066

277 4728 341 4789 666
351 4713 478 4773 illorum
493 4725 657 4790 generum.
675 4708 714 4768 llt
724 4707 758 4767 in
775 4707 845 4769 aliis
860 4708 988 4786 quidem
1000 4729 1063 4790 ge—
1115 4711 1201 4771 mine
1224 4709 1398 4790 significari
1420 4711 1531 4790 possit.
1555 4709 1642 4772 Unde
1665 4723 1733 4796 666Ι
1750 4697 1873 4834 sepultis

277 4787 919 4864 6661666666166666,6666666666616666
937 4791 1062 4866 66666-
1113 4787 1200 4866 qubd
1220 4789 1253 4849 in
1273 4789 1340 4850 Deo
1365 4794 1481 4868 praeter
1501 4788 1688 4852 relationem
1710 4786 1749 4846 666
1771 4764 1871 4849 adlmd

224 4881 227 4886 ·
275 4868 493 4943 66616,66666
516 4865 644 4946 propria
665 4865 747 4926 ratio
761 4866 891 5004 generis
907 4867 1062 4944 accipitur
1114 4867 1202 4928 aliud
1220 4865 1394 4929 seeundum
1409 4886 1489 4942 rem,
1507 4867 1561 4930 sed
1574 4865 1677 4930 soldm
1697 4851 1854 4924 considerat

276 4945 760 5024 secundumcomparationema
788 4945 1061 5025 subjectum3nam
1113 4945 1281 5009 nominum
1292 4947 1430 5010 rationo.
1834 5005 1839 5018 ‚

260 5047 262 5050 ·
276 5026 438 5120 quantitas
453 5025 570 5087 6161666
584 5041 736 5087 mensura
755 5025 953 5096 substantioe,
972 5042 1060 5103 qua·
1153 5025 1201 5085 66
1213 5025 1342 5087 tertium
1356 5025 1523 5087 dicendum
1541 5023 1627 5105 quod
1641 5024 1667 5086 si
1682 5007 1869 5095 inperfecte

275 5105 349 5168 litas
375 5105 452 5169 verb
477 5103 644 5182 dispositio
669 5103 865 5166 substantia.
896 5102 955 5164 Sed
978 5104 1060 5166 ratio
1113 5122 1154 5165 ne
1167 5103 1275 5167 divina
1288 5105 1369 5166 nihil
1380 5105 1452 5183 plus
1468 5105 1684 5166 contineretur
1697 5092 1785 5176 quim
1797 5076 1865 5164 quod
1961 5143 1962 5150 .

274 5186 405 5264 propria
428 5183 592 5247 relationis
614 5200 680 5244 non
703 5181 858 5261 accipitur
885 5179 1059 5245 secunddm
1113 5181 1274 5262 significat
1286 5199 1405 5248 nomen
1418 5183 1600 5259 relativum,
1614 5177 1789 5258 oqueretur
1795 5153 1865 5257 quod

274 5265 547 5361 comparationem
566 5259 606 5358 ad
630 5262 708 5323 illud
726 5279 761 5400 ιὲι
776 5265 917 5399 66666161,
932 5261 988 5323 scd
1002 5280 1061 5324 se·-
1114 5260 1264 5401 essedejus
1275 5232 1863 5394 666611666616666,υίροέρὲίῐὶἒιῑὲξῗὲῗ
1961 5319 1962 5336 ,

273 5345 1059 5512 ‘tsllhtslhtlltlt..adlethae
1113 5341 1186 5500 tlt.
1201 5342 1400 5499 1616616
1408 5347 1864 5498 661116161666-
1961 5384 1962 5404 .

272 5502 446 5566 relationes
460 5496 679 5565 6666666616
698 5497 783 5575 quod
792 5499 963 5560 relationes
972 5504 1058 5575 sunt,
1113 5502 1269 5574 tur,.n0n
1288 5503 1372 5562 esset
1387 5497 1510 5577 aliquid
1529 5481 1782 5580 subsistennSed
1799 5482 1861 5552 quit

274 5577 1062 5668 61616666166666666666616666666,666166616-
1114 5577 1229 5640 divino
1256 5579 1402 5641 essentia
1428 5577 1580 5656 perfectio
1603 5578 1649 5638 est
1669 5580 1761 5664 66606
1781 5570 1817 5633 qu
1961 5587 1962 5590 ’

273 5656 365 5722 66666
386 5659 506 5731 affixae,
530 5658 624 5738 quasi
646 5655 859 5736 significantes
880 5662 1060 5736 respectum
1113 5656 1200 5734 quod
1214 5655 1446 5736 significatione
1455 5655 1592 5735 alicujus
1603 5663 1730 5717 nominis
1740 5641 1860 5716 compre·

272 5738 413 5820 quodam
426 5739 521 5802 modo
534 5741 771 5818 contingentem
794 5737 897 5820 ipsam
916 5753 985 5801 rem
1001 5755 1060 5802 66-
1113 5737 1208 5806 hendi
1222 5737 1340 5818 possit;
1356 5752 1422 5800 non
1436 5733 1594 5816 sequitur,
1606 5735 1732 5800 sinemo
1842 5729 1860 5747 ⁸
