3988 6344
91 251 143 312 'tat
480 258 610 332 QUAEST.
632 257 751 319 sxxts.
774 255 816 314 DE
837 253 1000 313 vattsoats
1017 257 1061 314 ΑΙ)
1081 253 1268 314 assartum
1288 257 1443 318 litatus,
1708 260 1763 323 Μ

93 367 235 434 nemina
265 374 483 438 essentialia
506 374 538 436 in
564 375 724 436 abstracto
746 369 923 450 significata
975 368 1157 432 bu'usmodi
1175 370 1353 433 locutiones
1367 371 1758 454 nonsnntexteotento,

93 447 227 528 possint
240 465 461 530 supponere
476 469 533 531 pro
545 447 694 530 persona,
708 449 751 510 ita
761 447 845 526 quod
856 447 924 510 baec
976 388 1031 510 sesi
1047 447 1258 526 exponendas,
1272 453 1308 511 nt
1322 449 1442 512 scilicet
1455 450 1585 512 nomina
1597 452 1757 518 abstracta

91 529 134 591 sit
148 545 236 589 vera
258 547 268 586 :
290 529 464 594 Essentia
488 533 618 610 generat
636 529 818 590 essentiam.
841 525 925 586 Dicit
976 530 1180 604 exponantur
1190 544 1248 605 per
1263 533 1410 590 concreta
1422 572 1433 600 ,
1446 529 1496 590 vel
1514 529 1609 590 ctiam
1647 547 1683 592 er
1696 547 1759 594 no-

90 604 181 669 enim
211 609 558 686 Augustinus,7de
580 605 682 678 Trin,
703 623 739 668 ca
766 603 923 678 .1,eirca
976 603 1063 666 mina
1086 601 1426 682 personalia3utci1m
1446 606 1589 668 dicitur:
1638 609 1758 672 ssentia

90 679 162 756 iia,
179 687 217 746 et
232 702 323 764 cap.
344 686 390 762 2,
404 690 435 749 in
453 687 574 766 princz
592 685 687 746 Pater
697 691 725 745 et
734 624 840 774 Uilios
850 689 924 743 sunt
976 679 1170 772 deessentii‚
1181 683 1232 744 vel
1242 683 1398 762 sapientia
1408 683 1445 770 de
1455 683 1623 763 sapientia,
1633 685 1674 746 sit
1684 703 1757 752 sen-

91 781 157 824 ono
173 764 390 840 sapientia,
400 765 543 846 peinana
553 763 694 834 essentia,
704 760 924 839 etsinptliatim
976 778 1031 822 sus
1048 779 1055 818 ι
1071 761 1182 832 Filius,
1196 761 1250 839 qui
1262 765 1309 822 cst
1323 762 1460 825 essentia
1475 767 1509 824 et⁴
1517 763 1692 842 sapientia,
1710 771 1759 827 est

92 840 266 910 snpientia
292 841 342 906 de
368 845 543 924 sapientia,
563 842 646 903 sicut
667 839 797 902 essentia
818 837 853 900 de
872 858 923 900 es·
976 837 1013 900 de
1026 839 1129 912 Patre,
1143 839 1198 916 qui
1213 843 1260 900 est
1272 841 1411 902 essentia
1425 845 1458 902 et
1467 841 1635 920 sapientia.
1656 841 1692 904 ln
1705 843 1757 906 bis

90 919 211 980 sentiet.
976 922 1081 978 tamen
1094 917 1275 978 nominibus
1288 919 1456 980 abstractis
1470 923 1518 980 est
1533 918 1662 998 qnidam
1679 921 1757 983 ordo

129 998 162 1057 2.
184 999 564 1080 Praeterea,generatis
578 998 669 1060 nobis
685 996 735 1060 vei
752 993 922 1074 corruptis,
976 993 1286 1072 attendendus3quia
1297 997 1756 1075 eaquaepertinentadactum,

92 1081 324 1156 generantur
345 1079 403 1140 vei
423 1081 672 1156 corrumpuntur
681 1091 719 1136 ea
731 1089 803 1154 quea
815 1073 848 1136 in
864 1089 926 1134 ne-
976 1071 1076 1152 magis
1087 1073 1266 1152 propinqui.
1276 1089 1310 1136 so
1324 1073 1491 1138 babentad
1500 1093 1666 1153 personas,
1680 1079 1758 1172 quia

93 1155 141 1216 bis
159 1159 263 1216 sunt.
279 1155 362 1218 Sed
379 1157 478 1218 Filius
495 1158 676 1236 generatur.
690 1153 774 1231 Ergo
789 1149 861 1212 cirin
875 1169 925 1212 es·
976 1155 1065 1212 actus
1087 1157 1161 1212 sunt
1182 1152 1436 1230 suppositorum*
1455 1153 1542 1216 Unde
1566 1151 1669 1216 nvinbs
1692 1173 1759 1216 ιιιι-

92 1233 205 1295 sentia
224 1233 369 1298 divina
387 1237 428 1297 sit
450 1236 482 1295 in
507 1234 606 1308 Filio,
624 1231 750 1294 videtur
767 1229 852 1310 qubd
867 1247 925 1291 es·
975 1228 1107 1308 propria
1121 1233 1169 1292 est
1183 1229 1243 1292 ista
1261 1229 1405 1293 :Natura
1424 1231 1470 1293 de·
1487 1230 1679 1304 naturam
1705 1251 1757 1298 sa·

94 1312 204 1372 sentia
220 1311 367 1376 divina
380 1317 560 1394 generetur.
976 1307 1095 1386 pientia
1115 1307 1153 1370 de
1170 1305 1338 1388 sapientia,
1356 1305 1453 1388 quim
1467 1329 1477 1370 e
1492 1311 1685 1374 Essentiade
1700 1329 1757 1374 es-

135 1389 167 1449 3.
182 1391 398 1464 Praeterea,
415 1391 497 1452 idem
511 1393 559 1450 est
573 1389 659 1450 Deus
674 1391 705 1449 et
717 1385 856 1448 essentia
870 1385 925 1447 di·-
976 1383 1090 1448 sentia.
1604 1443 1608 1451 ,

96 1469 196 1536 vina.
213 1475 260 1528 ut
287 1489 344 1532 ex
368 1485 466 1550 snpra
483 1467 571 1529 dictis
586 1470 690 1544 patet,
706 1482 761 1542 qu.
777 1463 814 1536 3,
830 1467 889 1525 art.
906 1464 925 1524 3
1016 1464 1062 1524 rid
1082 1464 1256 1526 secundum
1270 1463 1437 1527 dicendum
1451 1465 1536 1546 qubd
1551 1465 1585 1528 in
1600 1469 1754 1532 creaturis

97 1551 128 1605 et
142 1544 176 1604 i.
204 1545 280 1606 Sed
300 1547 383 1610 haec
396 1552 444 1608 est
458 1545 655 1608 veraelicns
668 1547 798 1624 generat
810 1541 923 1617 Deum,
978 1545 1164 1621 generatum
1177 1543 1365 1621 nonaccipit
1378 1547 1526 1606 naturam
1542 1546 1683 1608 eamdem
1698 1565 1760 1610 nu·
1837 1583 1842 1598 ·

99 1626 185 1684 sient
201 1623 356 1688 dictum
370 1630 484 1688 estart.
495 1621 818 1703 preeciirgoheeccst
829 1637 922 1682 vera:
976 1635 1064 1682 mero
1078 1637 1175 1698 quam
1190 1639 1346 1702 generans
1364 1621 1478 1695 babet,
1503 1623 1557 1685 scd
1574 1624 1670 1686 aliam
1692 1625 1758 1688 ba-

99 1701 265 1764 Essentia
286 1710 436 1783 generat
448 1702 628 1765 essentiam.
976 1699 1029 1760 bct
1044 1700 1387 1779 numer0‚quoeincipit
1400 1700 1432 1760 in
1448 1717 1486 1762 co
1501 1719 1571 1763 esse
1584 1719 1642 1780 per
1656 1719 1759 1782 gena

139 1779 173 1839 b.
188 1781 440 1856 Praetereade
452 1796 656 1860 quocumque
666 1775 856 1856 praedicatur
868 1775 926 1838 ali·
976 1775 1133 1838 rationem
1160 1776 1198 1838 de
1215 1793 1310 1852 novo,
1326 1783 1356 1839 et
1370 1777 1486 1840 desinit
1499 1797 1568 1840 esse
1584 1797 1642 1857 per
1654 1798 1760 1842 corru-

103 1859 198 1936 qnid,
212 1865 349 1938 potest
364 1877 543 1938 supponere
558 1875 617 1937 pro
633 1857 698 1918 illo.
717 1855 776 1915 Sed
787 1855 926 1917 essentia
976 1854 1129 1932 ptionem‚
1140 1855 1463 1935 ctidebgeneraturet
1473 1857 1689 1936 corrumpitur
1699 1877 1757 1938 per

104 1937 222 1999 divina
235 1943 299 2000 cst
319 1941 430 2000 Pater.
445 1937 528 2016 Ergo
539 1935 676 1996 essentia
690 1936 794 2012 potest
808 1949 926 2012 suppo·
977 1932 1138 2007 accidens3
1151 1933 1205 1995 scd
1221 1933 1306 1996 Deus
1319 1936 1444 2014 genitus
1457 1934 1598 1996 camdem
1610 1941 1757 2000 naturam

107 2032 186 2076 nere
204 2033 278 2094 pro
304 2014 453 2096 persona
467 2013 588 2088 Patris3
607 2016 638 2074 ct
654 2013 700 2074 sic
712 2011 850 2072 essentia
865 2029 927 2092 ge-
978 2028 1111 2072 numero
1124 2012 1340 2092 accipitquam
1351 2013 1627 2092 generansbabct3
1642 2019 1673 2077 et
1684 2013 1757 2078 ideb

108 2099 218 2154 nerat.
977 2092 1097 2152 natura
1111 2090 1217 2151 divina
1234 2089 1268 2151 in
1282 2091 1364 2152 Filio
1381 2108 1446 2152 non
1464 2097 1635 2172 generatur
1652 2111 1757 2173 neque

147 2169 536 2245 5.Praetcrea,essentia
546 2173 593 2232 est
607 2185 658 2230 res
669 2183 838 2262 generans,
849 2167 927 2246 quia
977 2185 1035 2246 per
1047 2185 1092 2241 se,
1109 2185 1214 2246 neque
1226 2187 1283 2248 per
1297 2169 1454 2231 accidens.

112 2255 160 2309 cst
173 2251 298 2324 Pater,
314 2252 374 2330 qui
387 2255 435 2312 est
445 2265 613 2330 generans.
635 2245 666 2306 Si
678 2247 775 2326 igitur
789 2245 927 2308 essentia
1018 2245 1063 2306 Ad
1088 2247 1216 2307 tertium
1234 2246 1400 2309 dicendum
1420 2246 1504 2327 qnbd
1530 2247 1603 2312 licet
1622 2249 1707 2314 Deus
1726 2251 1760 2314 et

113 2343 181 2388 nen
197 2329 247 2389 sit
261 2330 520 2408 generassent
536 2325 673 2388 essentia
687 2341 738 2384 res
756 2339 925 2402 generans,
977 2321 1085 2386 divina
1100 2325 1238 2386 essentia
1250 2325 1313 2386 sint
1327 2325 1408 2386 idem
1424 2327 1597 2388 seeundum
1612 2346 1689 2400 rem,
1702 2333 1760 2390 ta-

116 2410 148 2466 et
163 2424 235 2466 non
253 2423 444 2488 generans3
460 2405 544 2483 qnod
559 2407 607 2466 est
617 2401 826 2480 impossibile.
978 2419 1051 2462 men
1068 2403 1191 2464 ratione
1202 2403 1332 2464 alterius
1346 2403 1429 2464 modi
1444 2405 1654 2484 sigmtlcandi‚
1664 2423 1760 2485 opor*

155 2483 187 2542 6.
208 2487 403 2557 Praeterea,
418 2485 615 2576 Augustinus
629 2480 704 2542 dicit
720 2479 753 2540 in
769 2478 838 2540 ide
849 2479 928 2539 Tri·
978 2481 1022 2540 tet
1034 2480 1122 2559 loqui
1135 2480 1342 2542 diversimode
1352 2481 1390 2542 de
1404 2487 1476 2542 utro
1502 2500 1553 2544 ue.

120 2563 193 2634 nit,
212 2579 299 2642 cap.
319 2563 380 2638 20,
401 2560 588 2624 decimando
610 2560 650 2620 ad
672 2558 728 2619 tin.
748 2556 869 2619 :Pater
884 2564 928 2618 est
1018 2558 1223 2635 sequanum
1232 2559 1397 2620 dicendum
1408 2501 1497 2637 quoe?
1504 2561 1760 2626 essentiadivina

120 2640 338 2720 principium
353 2641 449 2702 totius
462 2639 597 2702 deitatis.
613 2636 672 2698 Sed
688 2653 752 2697 non
774 2640 821 2697 est
837 2636 930 2712 priu—
979 2635 1167 2714 praodicatur
1186 2637 1224 2698 de
1244 2637 1336 2698 Patre
1357 2656 1415 2717 per
1438 2638 1567 2700 modum
1588 2639 1758 2702 identitatis

123 2717 251 2794 cipium
274 2719 346 2780 nisi
367 2716 567 2800 generando,
592 2716 642 2777 vel
661 2713 821 2792 spirando.
843 2713 928 2794 Ergo
978 2716 1110 2793 propter
1129 2714 1269 2776 divinam
1294 2715 1545 2793 simplicitatem,
1573 2733 1632 2778 neo
1652 2722 1759 2780 tamen

125 2795 221 2858 Pater
232 2801 388 2876 generat,
404 2799 456 2858 vel
472 2797 572 2873 spirat
581 2792 741 2856 deitatem.
980 2792 1126 2869 sequitur
1147 2789 1232 2870 qubd
1256 2793 1358 2870 possit
1381 2811 1563 2872 supponere
1580 2811 1638 2871 pro
1653 2797 1758 2866 Patre,

164 2874 229 2935 Sed
253 2881 377 2936 contra
391 2874 538 2952 estquod
560 2870 756 2952 Augustinus
772 2868 847 2930 dicit
863 2869 927 2928 ini
980 2873 1110 2948 propter
1123 2869 1282 2932 diversum
1301 2870 1427 2932 modum
1443 2871 1652 2950 significandi.
1668 2873 1760 2934 liatio

130 2949 167 3011 de
179 2953 298 3027 Tria„
313 2969 382 3032 cap.
396 2953 426 3023 1,
437 2948 707 3027 antemed.,qnbd
719 2948 807 3010 nulia
818 2965 867 3006 res
879 2963 931 3026 pe·
980 2951 1086 3010 autem
1097 2948 1280 3026 procederet
1295 2948 1327 3010 in
1342 2949 1406 3010 iilis
1418 2966 1554 3027 qnorum
1565 2966 1761 3028 unumpate-

130 3039 223 3091 serat
239 3049 275 3091 ee
288 3032 403 3111 ipsam.
416 3029 475 3092 Sed
491 3029 517 3090 si
531 3028 670 3091 essentia
680 3033 811 3108 generat
821 3043 930 3086 essen·
981 3027 1105 3088 dicatur
1120 3026 1158 3087 de
1175 3027 1293 3102 altero,
1311 3025 1393 3089 sicut
1409 3027 1589 3090 universale
1601 3027 1639 3090 de
1654 3029 1760 3108 parti-

130 3106 222 3178 tiam,
236 3127 312 3170 non
325 3111 456 3188 generat
465 3107 527 3168 nisi
538 3125 572 3168 se
585 3107 700 3184 ipsam,
713 3103 785 3166 eam
796 3103 879 3164 nibil
890 3104 932 3164 sit
981 3104 1093 3166 cuiari.

134 3183 166 3244 in
187 3185 261 3248 Deo
281 3187 371 3265 quod
390 3182 636 3266 distinguatura
652 3180 759 3244 divina
781 3179 928 3243 essentia.
1021 3181 1226 3260 atquinium
1242 3182 1407 3245 dicendam
1426 3182 1511 3262 qudd
1525 3183 1651 3246 bucest
1665 3181 1761 3246 atae-

132 3261 218 3340 Ergo
230 3266 378 3326 essentia
388 3281 451 3324 non
467 3264 598 3344 generat
610 3261 792 3322 essentiam.
981 3259 1085 3322 rentia
1095 3261 1178 3322 inter
1190 3261 1321 3324 nomina
1334 3262 1535 3324 substantiva
1547 3266 1579 3322 et
1593 3261 1759 3342 adieetiva,

171 3341 372 3420 Respondeo
391 3341 556 3403 dicendum
579 3339 664 3417 qubd
682 3339 767 3400 circa
788 3337 849 3397 boc
873 3354 932 3398 er-
981 3339 1058 3416 quia
1073 3339 1762 3420 nominasubstantivaieruntsnumsuppo·

137 3419 220 3480 ravit
235 3423 343 3482 abbas
362 3419 517 3494 ioacbim,
531 3433 678 3479 asserens
690 3415 775 3494 qubd
789 3415 870 3476 sicut
881 3415 932 3474 di·
982 3415 1761 3497 situmadjectivaverbnon,sedremsigniticatam

138 3495 222 3557 citur
242 3519 251 3555 e
271 3497 360 3560 Deus
385 3497 495 3578 genuit
522 3498 645 3566 Deum,
672 3496 716 3556 ita
738 3497 843 3572 potest
870 3493 931 3554 dici
981 3501 1106 3572 ponunt
1131 3495 1215 3556 circa
1234 3496 1480 3557 substantivum.
1504 3494 1592 3556 Unde
1613 3496 1762 3574 sophista

140 3575 225 3650 qudd
237 3578 382 3638 essentia
415 3575 504 3637 enuit
518 3573 706 3643 essentiam,
725 3570 930 3632 considerans
982 3572 1090 3633 dicunt
1104 3571 1187 3650 qubd
1199 3571 1328 3634 nomina
1345 3573 1544 3634 substantiva
1561 3578 1758 3653 supponunt,

140 3593 786 3810 aitsteatitissistitis
803 3665 866 3709 '¹⁰¹¹
883 3655 932 3710 ⁰⁸²
980 3651 1138 3790 iiiiii
1151 3650 1762 3807 itiaatttasaaaiiiiii

180 3808 241 3871 Sed
256 3812 294 3871 in
309 3811 370 3870 boc
381 3810 530 3886 deceptus
546 3809 616 3880 tuit,
630 3807 706 3884 quia
720 3805 757 3867 ad
766 3805 931 3868 veritatem
981 3807 1020 3869 de
1030 3747 1169 3870 essentia
1180 3807 1344 3885 predicari
1355 3813 1485 3887 propter
1496 3808 1691 3872 identitatem
1702 3807 1759 3868 rei.

144 3883 347 3950 locutionum
364 3905 429 3948 non
453 3884 558 3947 solum
583 3890 708 3963 oportet
728 3884 931 3944 considerare
980 3883 1090 3964 Neque
1110 3885 1257 3964 sequitur
1274 3885 1359 3963 qubd
1381 3887 1558 3964 proprietas
1581 3885 1760 3962 personatis

146 3979 194 4024 res
202 3965 474 4046 significatas,sed
483 3965 577 4025 ctiam
584 3963 711 4023 modum
720 3961 929 4040 significandi,
981 3963 1159 4024 distinctam
1176 3961 1219 4042 (1)
1233 3963 1419 4024 detenninet
1432 3963 1615 4024 essentiam.
1633 3963 1691 4022 Sed
1704 3979 1761 4040 po-

146 4048 180 4100 ut
194 4043 318 4106 dictum
333 4049 381 4104 est
396 4049 456 4104 art.
474 4059 568 4120 praec.
587 4041 672 4102 Licet
687 4043 794 4100 autem
809 4055 932 4099 secun·
981 4043 1068 4102 nitur
1086 4043 1169 4101 circa
1189 4041 1387 4118 suppositum
1404 4041 1606 4118 importatum
1624 4059 1681 4118 per
1696 4057 1761 4099 no-

148 4117 218 4180 dinn
231 4140 304 4183 rem
322 4122 362 4182 sit
373 4121 457 4182 idem
472 4121 556 4183 Deus
566 4119 652 4196 quod
673 4117 785 4184 deitas,
799 4132 863 4176 non
880 4121 931 4177 ta-
980 4137 1052 4178 men
1070 4119 1315 4178 substantivum.
1340 4117 1398 4178 Sed
1414 4117 1588 4178 notionalia
1602 4121 1632 4176 et
1644 4133 1761 4193 perso-

150 4215 218 4259 men
233 4204 285 4260 est
302 4199 385 4261 idem
405 4199 515 4259 modus
531 4195 729 4276 significandi
746 4193 928 4330 utrobique.
981 4195 1068 4256 nalia
1080 4195 1233 4273 adjectiva
1249 4211 1313 4255 non
1329 4198 1464 4272 possunt
1481 4194 1644 4272 predicari
1657 4193 1695 4255 de
1711 4213 1761 4255 es-

148 4273 224 4337 Nam
238 4279 302 4338 hoc
316 4295 443 4346 nomen,
462 4277 562 4342 Deae,
580 4274 657 4350 quia
674 4271 861 4349 significato
879 4272 931 4331 vi-
981 4271 1094 4346 sentia,
1104 4272 1165 4332 nisi
1174 4273 1283 4350 aliquo
1291 4273 1489 4334 substantivo
1498 4272 1657 4352 adjuncto.
1673 4273 1761 4334 Unde

153 4369 221 4416 nam
235 4355 407 4420 essentiam
423 4355 456 4414 in
472 4353 626 4418 habente,
642 4367 683 4411 ex
696 4349 792 4409 modo
806 4364 873 4410 sun
884 4349 931 4410 si·
981 4367 1046 4412 non
1060 4367 1230 4430 possumus
1246 4351 1350 4411 dicere
1364 4349 1450 4428 qnod
1476 4351 1614 4412 essentia
1631 4357 1680 4411 est
1699 4367 1762 4429 go-

152 4432 360 4508 gniticationis
390 4431 578 4492 naturaliter
604 4429 699 4490 babet
723 4427 809 4505 qubd
829 4428 931 4504 possit
980 4433 1416 4508 nerans3possumustamen
1429 4427 1533 4489 dicere
1548 4427 1633 4506 qudd
1648 4445 1762 4490 essen-

155 4523 331 4589 tnpponere
344 4524 404 4588 pro
419 4505 568 4588 persona.
589 4508 628 4566 Et
649 4507 694 4568 sio
711 4522 750 4567 ea
788 4521 841 4566 au
855 4509 930 4565 sunt
979 4507 1025 4568 tia
1039 4513 1087 4569 cst
1096 4525 1147 4567 res
1159 4507 1388 4586 generans‚vel
1397 4507 1481 4567 Deus
1490 4523 1659 4584 generans,
1670 4507 1697 4566 si
1708 4523 1760 4568 res

172 4589 280 4667 ropria
296 4603 525 4666 personarum,
549 4589 685 4664 possunt
707 4601 745 4662 pr
794 4583 872 4644 icari
892 4582 931 4644 de
979 4589 1012 4647 et
1020 4585 1104 4646 Deus
1116 4590 1296 4663 supponant
1307 4598 1366 4662 pro
1380 4582 1602 4663 personi.n0n
1612 4589 1718 4645 autem
1734 4583 1760 4644 si

122 4733 125 4738 .
155 4603 210 4727 Epo
235 4667 377 4738 nomine,
392 4667 493 4732 Deus:
515 4669 551 4724 ut
575 4663 714 4732 dicatur,
732 4661 817 4738 qubd
844 4661 929 4722 Deus
981 4660 1390 4755 supponantproessentiit.
1407 4661 1761 4723 Undenonestcontra-

156 4751 197 4808 est
207 4746 334 4824 genitus
346 4743 397 4804 vel
408 4757 575 4822 generans,
589 4741 671 4801 sicut
684 4741 799 4800 dictum
810 4741 859 4799 est
868 4743 928 4799 art.
981 4741 1086 4814 dicito,
1100 4742 1127 4802 si
1143 4740 1259 4800 dicitur
1275 4739 1361 4816 qubd
1378 4739 1517 4800 essentia
1534 4743 1582 4799 est
1594 4756 1644 4798 res
1658 4755 1764 4816 gevre·¹

156 4837 243 4894 praec.
258 4822 318 4882 Sed
331 4822 392 4882 hoc
406 4838 534 4892 nomen,
549 4819 691 4886 essentia,
704 4815 873 4877 nonhabet
889 4833 931 4876 ex
981 4835 1069 4889 rans,
1087 4821 1118 4878 ct
1136 4834 1187 4878 res
1204 4833 1269 4876 non
1289 4833 1465 4894 generans,
1490 4817 1567 4893 quia
1587 4816 1691 4892 primb
1709 4831 1769 4883 res,

156 4899 243 4960 modo
259 4915 326 4961 sna
342 4897 581 4978 significationis
596 4895 682 4974 qubd
698 4899 858 4972 supponat
872 4911 930 4970 pro
981 4899 1107 4956 tenetur
1118 4911 1176 4973 pro
1188 4892 1337 4972 persona,
1348 4894 1487 4957 secundo
1520 4909 1558 4953 ro
1573 4892 1720 4957 essentia.

156 4977 299 5052 persona,
310 4977 387 5055 quia
399 4973 555 5054 significat
562 4973 733 5036 essentiam
747 4975 784 5031 ut
796 4970 930 5031 formam
1021 4974 1068 5033 Ad
1082 4975 1208 5033 sextum
1221 4971 1387 5031 dicendum
1398 4971 1483 5048 quod
1511 4971 1601 5036 citas,
1613 4970 1647 5030 in
1658 4986 1762 5106 spuan-

156 5055 356 5116 abstraetam.
370 5049 930 5148 Utidebeaqmesuntppopriaper-
981 5052 1049 5109 tum
1071 5053 1205 5112 estune
1225 5048 1258 5108 in
1280 5049 1426 5142 pluribus
1449 5049 1644 5184 suppositis,
1689 5048 1774 5138 abegi·

158 5145 316 5204 sonarum,
330 5134 448 5209 quibus
467 5133 508 5191 ab
525 5145 662 5190 invicem
679 5129 929 5206 distinguuntur,
981 5127 1151 5203 quamdam
1162 5131 1417 5188 convenientiam
1427 5143 1498 5186 cum
1521 5122 1613 5186 orma
1622 5141 1760 5184 nummu

156 5223 215 5272 oon
230 5214 366 5290 possunt
376 5207 522 5271 essentis
537 5207 678 5268 attribui.
694 5205 932 5284 significaretur
982 5204 1149 5266 collectivi.
1168 5204 1256 5265 Unde
1268 5203 1340 5265 ciem
1355 5203 1470 5264 dicitur
1485 5221 1493 5261 ι
1507 5204 1600 5264 Pater
1614 5207 1662 5263 cst
1674 5202 1778 5279 prin»

157 5287 234 5348 enim
251 5287 337 5366 qndd
349 5291 433 5348 esset
448 5284 607 5346 distinctio
614 5283 647 5344 in
660 5281 800 5344 essentia
810 5278 930 5352 divini,
982 5282 1100 5360 cipium
1116 5282 1213 5344 totius
1230 5280 1376 5354 deitatis,
1396 5285 1501 5359 potest
1517 5280 1599 5340 sumi
1613 5296 1672 5357 pro
1687 5280 1764 5339 uni-
1865 5349 1871 5358 .

158 5366 235 5427 sicut
250 5373 299 5428 est
307 5365 467 5427 distinctio
481 5365 513 5423 in
530 5361 713 5440 suppositis.
981 5361 1131 5421 versitate
1145 5375 1367 5437 personarum,
1383 5359 1417 5418 in
1432 5362 1588 5434 quantum
1599 5357 1718 5417 scilicet
1728 5355 1775 5420 in.

191 5443 237 5504 Ad
249 5443 387 5524 primum
400 5457 476 5520 ergo
488 5440 654 5502 dicendum
671 5436 757 5516 quod
771 5435 810 5497 ad
824 5435 931 5513 expri-
982 5437 1130 5498 omnibus
1141 5436 1410 5515 personisdtvrms
1420 5451 1488 5511 epse
1500 5437 1549 5495 est
1558 5433 1768 5512 principium.¹

157 5521 298 5583 mendam
314 5521 468 5582 unitatem
479 5518 624 5579 essentias
638 5519 669 5575 et
682 5531 842 5608 personae,
857 5531 931 5574 san·
981 5516 1045 5577 Nec
1062 5517 1188 5594 eportet
1204 5511 1290 5591 qubd
1305 5513 1347 5574 sit
1361 5511 1555 5590 principium
1575 5511 1626 5576 sut
1646 5511 1772 5590 ipsius„

158 5598 195 5657 cti
208 5599 354 5660 doctores
370 5595 542 5674 aliquando
553 5591 736 5671 expressiits
746 5591 843 5651 locuti
856 5597 931 5652 sunt

159 5673 251 5754 quim
274 5675 453 5755 proprietas
473 5672 646 5735 locutionis
667 5670 817 5751 patiatur.
841 5668 929 5733 Unde
1018 5672 1273 5747 (evincentem.
1290 5669 1718 5746 eraseratteotetosapam,
